3084 5320
678 397 753 465 ml

546 513 549 521 ,

147 610 244 676 ciam.
273 647 316 658 -
340 609 369 676 1.
396 610 434 676 11.
459 609 664 689 Nieuwveen,
689 613 723 678 in
748 612 961 681 lietoemoclis
984 613 1105 702 epistol.
1123 635 1193 703 qum
1211 612 1272 701 leg.

147 743 185 808 in
209 742 368 831 symposio
393 743 560 810 Lucianeo.
589 781 632 794 -
655 744 683 809 J.
708 744 739 812 1.
769 743 808 811 de
832 743 1017 824 llollander,
1048 744 1088 812 de
1112 746 1273 834 Euripidis

147 873 356 965 supplicibus.
380 914 424 924 -
448 874 486 940 G.
512 875 544 942 S.
573 898 632 944 ven
656 877 819 954 Reesema,
848 876 885 942 de
909 876 1117 955 Parmenidis,
1145 881 1274 946 Anaxa·

148 1029 249 1096 goras,
267 1008 449 1093 Protagorae
464 1009 628 1098 principiis
645 1019 675 1076 et
691 1009 830 1076 Platonis
846 1008 884 1076 de
900 1010 939 1075 iis
950 1008 1082 1098 judicio.
1109 1011 1209 1078 1840.
1239 1012 1272 1078 8.

199 1131 282 1206 5111
334 1139 432 1206 (1.8.
458 1140 592 1218 Volcle,
623 1140 661 1207 de
685 1140 873 1209 factionibus
896 1143 928 1207 in
954 1142 1194 1210 Atheniensium
1219 1165 1272 1212 re-

148 1271 239 1362 publ.
264 1311 306 1323 -
331 1272 360 1338 J.
384 1276 423 1339 A.
451 1274 502 1338 W.
527 1273 719 1364 Boorlamp,
744 1273 783 1342 de
805 1294 877 1342 arce
900 1275 1106 1342 Athenarum.
1125 1315 1166 1325 -
1190 1275 1219 1342 1.
1236 1276 1271 1340 P.

149 1403 383 1483 Amersioordt,
414 1405 453 1473 de
476 1406 697 1474 axiomatibus.
721 1445 765 1458 -
788 1408 826 1472 D.
852 1429 912 1476 van
937 1407 1102 1474 Lenioren
1128 1407 1271 1485 blattbes,

149 1536 193 1602 dc
215 1538 257 1603 M.
285 1536 428 1626 Vipsanii
453 1540 601 1628 Agrippae
623 1541 656 1606 in
679 1561 761 1606 rom.
785 1538 940 1629 rempubl.
965 1541 1157 1606 11111111-
1178 1540 1271 1606 P.A.

148 1673 325 1760 Mequette,
352 1672 460 1738 histor.
486 1672 630 1763 Syracus.
657 1672 818 1762 usquead
843 1671 1008 1738 Gelonem.
1056 1673 1159 1738 1841ἶ
1203 1673 1235 1737 8.

199 1806 288 1871 5411
334 1805 375 1872 ll.
397 1805 428 1870 1.
454 1828 512 1874 van
537 1806 616 1883 Ecls,
641 1806 680 1872 de
704 1807 745 1871 Μ
774 1806 924 1895 Vipseuio
949 1807 1100 1894 Agrippa.
1123 1843 1167 1854 ·-
1184 1805 1221 1870 ll.
1238 1803 1272 1871 G.

149 1936 344 2026 liakhuijzeu
368 1959 428 2005 neu
452 1936 511 2002 den
537 1937 649 2014 Brink,
676 1938 769 2004 veria
793 1936 862 2004 lect.
886 1960 928 2004 ex
952 1937 1023 2003 bist.
1051 1936 1164 2026 philos.
1188 1936 1273 2002 anti·

149 2092 233 2159 qum
258 2113 298 2123 -
323 2067 356 2136 G.
391 2073 431 2134 A.
463 2069 666 2156 Engolhregt‚
702 2068 740 2136 de
764 2065 887 2156 legibus
915 2070 1047 2156 agrariis
1077 2081 1148 2135 ante
1172 2068 1273 2136 Grec-

150 2203 308 2271 11111-
336 2199 375 2268 G.
399 2201 438 2267 de
460 2201 552 2268 Vries
586 2200 704 2279 Abr.i.,
741 2203 780 2268 de
809 2202 947 2271 foenoris
971 2203 1090 2270 nautici
1113 2211 1274 2271 contractu

148 2333 226 2421 jure
247 2335 351 2402 attico.
399 2334 499 2400 ists.
547 2334 579 2398 8.

200 2468 288 2534 5415
335 2466 373 2532 D.
397 2467 519 2554 berger
541 2466 604 2544 Jr.,
630 2465 669 2534 de
692 2467 872 2543 Theaeteto,
905 2466 1045 2532 Platonis
1068 2464 1206 2553 dialogo.
1231 2505 1275 2516 -

152 2601 197 2664 ll.
220 2597 258 2666 G.
283 2600 455 2677 llamalmr,
481 2598 520 2666 de
545 2600 689 2666 nonnuli.
715 2601 815 2689 Lysim
838 2598 1043 2667 orationibus.
1061 2638 1105 2648 -
1129 2600 1163 2664 T.
1182 2599 1221 2663 H.
1240 2597 1274 2664 B.

153 2752 218 2800 von
238 2731 323 2808 liulf,
349 2731 387 2798 de
410 2731 519 2822 mytho
543 2731 671 2798 llolanae
694 2731 881 2820 Euripidem.
908 2771 952 2780 -
977 2731 1015 2796 ll.
1041 2733 1079 2796 A.
1107 2754 1164 2797 van
1189 2731 1275 2821 Dijk,

151 2863 319 2950 fragment.
355 2865 458 2954 operis
491 2865 622 2931 Aristot.
649 2863 689 2931 de
712 2865 798 2932 civit.
826 2863 1007 2931 Atheniens.
1040 2901 1084 2913 —-
1116 2864 1166 2928 Fr.
1191 2864 1215 2928 l.
1240 2863 1275 2929 P.

151 2996 292 3073 Tullum,
318 3007 424 3086 quest.
449 2997 710 3065 Anacharsidcae.
738 3036 781 3047 -
806 3002 845 3062 A.
871 3018 930 3065 ven
954 2995 1024 3085 Epis
1048 2993 1211 3085 Bylevcld,
1237 2994 1277 3063 do

150 3127 231 3194 furti
254 3128 367 3196 delicto
387 3132 461 3221 jure
483 3132 587 3198 attico.
638 3129 736 3196 1845.
785 3130 818 3195 8.

200 3261 290 3328 5414
335 3263 364 3328 1.
399 3263 560 3353 Pijnappel
596 3262 675 3341 (1.1,
710 3263 827 3330 contin.
866 3262 943 3330 vitas
976 3283 1016 3327 ox
1048 3259 1151 3328 lexico
1175 3259 1275 3347 biogr.

150 3393 411 3463 ibn-Gallicanis.
443 3397 479 3464 4.
517 3433 561 3446 --
593 3397 636 3462 ld.
661 3395 716 3463 des
741 3396 870 3462 Amorie
894 3415 955 3463 van
979 3393 1035 3461 der
1058 3393 1201 3470 Hoeven,
1239 3392 1279 3460 de

151 3549 255 3594 nonu.
279 3527 356 3595 locis
380 3539 520 3598 veterum
543 3530 745 3618 scriptorum.
762 3567 805 3582 υ-
822 3528 851 3594 1.
868 3529 906 3595 Β.
921 3527 1055 3604 Leman,
1081 3527 1113 3591 in
1129 3524 1277 3592 Plautum

151 3669 185 3727 et
209 3659 402 3728 Terentium.
453 3661 554 3728 1845.
603 3663 638 3729 8.

201 3793 290 3858 5415
335 3794 370 3858 P.
394 3793 423 3858 J.
447 3793 662 3884 llplonbroelr,
693 3795 732 3860 de
756 3793 854 3860 choro
880 3791 998 3879 tragico
1022 3787 1216 3858 Graecorum.
1234 3827 1275 3839 —

151 3924 196 3990 11.
221 3925 249 3989 1.
270 3924 446 4004 Guicberit,
473 3938 581 4016 quast.
606 3928 712 3994 histor.
738 3970 769 3980 -
798 3922 1027 3995 11111111,
1053 3919 1093 3987 de
1108 3943 1219 4010 oropo.
1237 3959 1277 3972 -

150 4059 186 4123 J.
210 4057 250 4122 ll.
275 4056 490 4126 Schnurmens
513 4059 704 4132 Stelsboven.
730 4058 910 4128 deciviam
935 4055 1111 4122 Atticorum
1128 4052 1277 4140 recogni-

151 4191 252 4259 tione.
301 4189 400 4258 1846.
448 4191 480 4256 8.
732 4162 738 4170 .

200 4322 292 4390 5416
338 4321 368 4389 S.
381 4322 516 4413 lleyzer,
535 4323 575 4390 de
590 4301 798 4414 jurejurando
809 4320 925 4388 lustin.
941 4329 972 4386 ot
987 4317 1160 4385 Theodorte
1174 4322 1275 4404 prust.

148 4457 187 4523 in
203 4452 346 4522 iucundo
362 4477 505 4524 munere.
523 4497 564 4509 -
580 4456 610 4522 J.
627 4455 662 4524 G.
680 4453 843 4534 flummel,
861 4451 900 4518 de
916 4450 1052 4521 Prodico
1066 4447 1216 4538 sophista.
1233 4483 1276 4499 -
