3052 5324
298 467 335 515 ῃ
812 483 902 499 ...-

342 663 427 726 Νουο
465 661 562 726 labore
598 665 705 728 acriter
741 664 870 746 deinceps
906 670 1045 746 arrato,
1086 666 1317 746 nanuuiptum
1349 670 1426 745 jam

239 783 243 790 ’
296 812 408 876 mcum
437 813 476 858 ea
494 802 582 876 parte
603 802 666 861 erat
688 796 854 861 absolutum
874 799 1043 879 primaeque
1065 797 1216 861 schedulae
1239 797 1312 878 lppis
1333 804 1427 860 erant

286 933 447 1008 expressae
451 972 463 1008 ,
500 944 606 1008 quum,
643 937 762 992 auctore
795 929 855 992 alio
887 945 1009 992 munere
1040 927 1181 1009 soluturo
1213 928 1250 992 ab
1279 929 1427 992 incltoalis

295 1065 432 1139 amulo,
469 1060 496 1122 ei
525 1061 578 1141 qai
609 1061 738 1124 occasii
760 1061 793 1122 in
819 1060 931 1124 deserta
950 1061 1103 1141 provinno
1124 1060 1242 1140 wathit
1266 1059 1421 1140 laborem,

295 1208 355 1273 quo
377 1198 500 1256 casatus
515 1191 632 1272 jacebat
636 1239 648 1274 ,
674 1191 832 1274 suscipere,
857 1193 990 1274 persequi
1010 1200 1038 1254 et
1059 1191 1099 1255 od
1121 1193 1210 1273 finem
1231 1191 1402 1272 perducere.

344 1317 473 1387 Tantorn
502 1341 570 1388 vera
591 1323 730 1405 [utunoe
751 1324 973 1390 vicessiludinem
995 1326 1076 1406 operi
1097 1323 1179 1388 haud
1197 1341 1310 1404 parum
1331 1323 1426 1404 {uisse

296 1454 467 1519 detrimento
492 1455 572 1519 ultro
593 1457 693 1539 liquet.
741 1455 808 1520 Etsi
828 1457 964 1538 quirem
985 1455 1105 1519 absoluit
1129 1462 1206 1520 totus
1227 1456 1260 1517 in
1282 1473 1315 1518 eo
1337 1457 1421 1536 luit,

297 1593 331 1652 ut
362 1587 479 1667 anthia
506 1594 650 1668 prmccret
674 1587 925 1668 Duumoirorum,
958 1587 1011 1669 pul
1031 1595 1100 1650 ante
1122 1588 1218 1668 hosam
1240 1586 1426 1651 bibliothecae

294 1718 504 1802 praefuerunt,
540 1720 685 1783 neminem
707 1719 819 1800 latebit,
852 1720 904 1802 qui
924 1720 1062 1783 attentius
1085 1719 1154 1783 haee
1176 1721 1283 1800 scripta
1302 1721 1425 1802 perlus-

298 1851 433 1934 traoen't,
469 1851 501 1914 in
533 1852 567 1916 iis
598 1851 758 1933 reddendis
789 1852 882 1917 altam
912 1868 1056 1934 apparere
1077 1869 1204 1916 manum
1225 1869 1301 1934 quoe
1323 1850 1425 1915 absol-

295 1984 352 2064 cit,
378 1983 471 2048 alum
492 2001 568 2066 quae
590 1985 721 2049 instituit.

345 2115 471 2198 Quodsi,
498 2119 550 2200 qui
572 2135 651 2182 nuno
673 2118 705 2180 ln
727 2117 822 2182 lucen
840 2117 941 2198 prodit
963 2117 1115 2197 calohpus
1135 2115 1326 2179 nihilominus
1336 2131 1423 2198 pru·

298 2247 431 2314 dentium
469 2250 602 2314 ciconum
643 2249 794 2330 suflrapiis
831 2249 913 2314 haud
949 2249 1086 2329 indipnus
1123 2255 1289 2328 censeatur,
1330 2247 1424 2327 huius

297 2395 394 2465 aequa
428 2379 493 2446 laus
523 2380 671 2461 celamur
702 2379 742 2444 ad
764 2379 904 2461 eundem,
941 2397 1029 2463 quem
1050 2381 1293 2460 munoraoirnus,
1318 2378 1422 2442 riuum

295 2509 369 2577 clar.
410 2505 635 2577 Esosmssoo.
693 2511 754 2578 Sed
784 2528 859 2594 prae
893 2511 991 2575 ceteris
1022 2511 1135 2591 potue
1166 2517 1236 2574 sunl
1269 2509 1420 2576 habendae

295 2643 359 2708 oica
392 2644 562 2724 prompto
594 2643 755 2709 doctissimo
789 2645 827 2707 Α.
864 2639 908 2707 Μ.
943 2637 1136 2719 Laocooss,
1172 2661 1188 2707 e
1224 2641 1422 2708 curatoribus

294 2773 437 2840 Athenaei
466 2775 607 2859 illustris,
642 2777 696 2860 qui
722 2777 756 2844 in
783 2775 917 2858 aulooo
939 2775 1140 2840 numento
1163 2775 1422 2840 benevolentissime

295 2908 424 2991 adjuvit,
460 2909 593 2993 denque
615 2910 796 2993 sinpularem
818 2908 1040 2991 bibliopraphiae
1062 2909 1211 2972 scientiam
1232 2907 1423 2990 studiumque

296 3041 488 3107 humanitatis
521 3043 670 3124 proposito
702 3041 853 3125 adhibens,
894 3041 1056 3125 donaque
1090 3040 1269 3108 bibliothecae
1302 3047 1422 3106 nostrae

297 3173 397 3255 aolus
418 3190 525 3249 wisa,
546 3191 684 3256 praesem
705 3175 801 3239 adesse
819 3177 925 3258 peel.

344 3304 499 3372 Cuterum
531 3305 682 3372 benevolus
704 3307 792 3374 lector
813 3305 900 3387 facile
917 3307 1086 3391 perspiciet,
1122 3323 1199 3391 quae
1220 3324 1300 3371 nunc
1322 3305 1420 3370 editur

292 3444 425 3522 partem,
463 3433 582 3502 ordinis
612 3446 639 3502 el
662 3433 825 3503 divisionis
848 3438 962 3502 rolt'one
984 3437 1100 3519 habita,
1137 3439 1178 3503 ad
1200 3455 1339 3502 numam
1360 3455 1418 3503 esse
1489 3515 1490 3522 ἵ

296 3569 462 3653 redactam,
484 3571 581 3653 priori
597 3571 688 3653 plara
710 3569 848 3651 nudent,
877 3570 956 3653 qnod
978 3571 1096 3652 quidem
1117 3571 1270 3635 consilium
1290 3571 1353 3652 ipsu
1373 3572 1420 3633 rei
1489 3531 1490 3552 Χ

294 3709 407 3768 satura
442 3703 592 3768 studebat
653 3701 737 3781 Quae
773 3703 864 3784 uitur
900 3703 933 3766 in
967 3702 1151 3785 praelatione
1184 3703 1293 3783 prioris
1323 3702 1417 3782 partc's

297 3835 435 3916 lepunlur
457 3835 735 3911 animaduersiones,
759 3835 875 3899 eaedem
896 3835 994 3899 colent
1016 3841 1043 3898 et
1063 3835 1095 3899 in
1111 3835 1189 3899 huno
1203 3834 1416 3916 subsequentun

296 3965 435 4035 uinea
487 3967 554 4046 Qeto
586 3968 704 4032 tandem
734 3976 854 4050 peroclo
885 3983 1036 4048 speram
1065 3972 1099 4031 ut
1120 3983 1266 4048 wwum,
1304 3965 1336 4031 in
1356 3963 1415 4029 dier

296 4101 390 4181 nsopis
423 4101 571 4184 napique
595 4107 700 4182 patens
725 4107 753 4164 et
775 4100 922 4164 moholicu
943 4099 1118 4182 (crudum,
1156 4099 1252 4163 denuo
1273 4098 1414 4180 repletum

297 4229 448 4297 habeatur.

339 4365 409 4430 Non
431 4373 529 4429 tamen
547 4379 717 4448 muamus,
749 4365 822 4447 quin
843 4365 898 4429 hoc
921 4365 984 4428 loeo
1002 4362 1137 4445 publicas
1160 4361 1324 4426 hhuamus
1345 4361 1411 4425 lau·

292 4496 341 4563 des
363 4497 514 4581 omnibus,
550 4498 620 4581 qui,
656 4503 771 4580 quanta
791 4498 848 4563 sint
870 4498 902 4562 in
922 4513 987 4562 rem
1009 4502 1142 4561 nostram
1163 4494 1315 4560 librariam
1337 4493 1413 4558 berri—
