3084 5320
672 353 740 444 209

139 589 312 658 bonorum.
324 627 369 642 -
385 589 425 658 D.
439 587 480 659 G.
493 588 628 669 Pesters,
643 589 682 657 de
695 599 800 679 negot.
815 592 919 678 gestis.
935 631 977 644 -
991 591 1026 659 Ρ.
1037 591 1070 660 1.
1084 589 1263 674 Willcbois,

142 721 184 790 de
203 725 276 814 jure
299 720 464 813 hypothec.
481 763 521 774 -
539 721 612 789 Chr.
635 723 671 789 L.
695 722 853 804 Schiiilor,
878 722 918 791 de
941 722 1169 791 necessitudine
1184 723 1266 792 inter

140 864 223 946 patr.
254 863 285 924 et
307 854 466 923 libertum.
491 893 535 906 -
559 855 596 922 B.
619 854 809 926 Verselewel
833 877 892 926 van
916 854 973 922 der
994 855 1069 936 Bilt,
1104 854 1144 923 (io
1168 863 1266 924 matre

141 987 265 1054 tntrice.
295 1025 335 1038 -
358 986 387 1052 J.
417 987 454 1052 P.
480 987 576 1065 Lens,
610 985 778 1054 deservit.
804 985 1005 1076 prediorum.
1026 1025 1069 1038 -
1094 991 1133 1053 A.
1157 986 1197 1056 G.
1224 990 1264 1056 A.

142 1141 206 1190 ven
240 1116 355 1196 Gooth,
392 1118 430 1185 de
465 1117 620 1209 repudiat.
653 1127 721 1186 test.
757 1119 790 1186 in
815 1120 916 1187 causis
939 1119 1023 1190 civil.
1040 1155 1083 1169 -
1105 1117 1143 1186 G.
1168 1122 1207 1185 A.
1230 1120 1267 1186 Ρ.

143 1249 268 1331 Oester,
303 1248 342 1316 de
374 1249 611 1339 legitimatione.
635 1288 680 1300 -
702 1247 741 1318 G.
775 1248 821 1318 St.
859 1272 920 1321 vnn
952 1249 1008 1318 der
1040 1248 1204 1328 Grondcn‚
1229 1249 1268 1317 de

139 1381 207 1473 jur.
238 1380 336 1450 franc.
372 1391 404 1449 et
438 1403 511 1452 nor.
546 1381 661 1469 belgici
683 1381 880 1450 differentiis.
904 1421 948 1432 ·-
971 1380 1006 1449 G.
1029 1383 1081 1450 Fr.
1108 1381 1266 1472 Spiering,

145 1513 185 1582 do
207 1515 295 1582 instr.
319 1515 474 1603 recognit.
499 1522 530 1582 et
554 1514 697 1582 confirm.
722 1557 762 1568 -
788 1515 826 1581 D.
851 1517 889 1581 A.
915 1515 1030 1582 Iunius
1050 1537 1109 1585 ven
1124 1515 1266 1594 Hemert,

145 1645 185 1714 de
220 1647 253 1713 in
287 1645 405 1715 tactum
440 1647 564 1715 actione
600 1645 639 1715 do
673 1655 810 1740 recepto.
839 1687 883 1699 -
911 1646 950 1714 G.
973 1647 1074 1728 Turis,
1107 1645 1151 1714 de*
1169 1649 1270 1734 petria

144 1786 255 1869 potest.
269 1817 314 1831 -·-
329 1780 358 1846 J.
374 1778 413 1847 G.
430 1779 551 1868 Longe,
569 1779 608 1846 de
625 1778 772 1847 facultate
790 1780 901 1848 uxoris
916 1800 987 1868 neg.
999 1780 1058 1850 civ.
1072 1777 1211 1867 gerendi.
1224 1817 1269 1831 -

145 1911 191 1978 Μ.
216 1911 254 1980 de
276 1913 384 1992 Hock,
409 1913 448 1982 dc
470 1922 535 2005 pot.
560 1914 620 1982 civ.
644 1916 784 2006 episcop.
810 1922 871 1982 etc.
893 1954 939 1966 ·-
961 1913 1000 1980 0.
1018 1915 1110 1982 Braet
1126 1911 1267 1994 Bisdom,

145 2041 330 2112 deuotione
354 2047 415 2115 cir.
438 2083 482 2096 -
502 2045 533 2112 J.
557 2044 725 2125 Schroder,
750 2045 790 2114 de
811 2046 934 2135 legibus
955 2055 986 2115 et
1008 2047 1080 2116 inst.
1104 2046 1138 2114 in
1153 2068 1270 2114 comm.

14 2221 16 2266 5
148 2184 253 2245 mente
276 2175 494 2244 alienatorum.
541 2176 642 2246 1858.
692 2177 724 2244 8.

194 2441 285 2510 5459
330 2439 360 2509 J.
397 2464 459 2512 van
491 2440 548 2509 der
583 2441 746 2522 Handere,
790 2441 830 2509 dc
866 2441 945 2533 justi
982 2440 1120 2508 matrim.
1152 2439 1268 2508 condit.

150 2573 219 2641 rell.
252 2613 296 2624 -
327 2574 356 2641 J.
380 2573 590 2663 Schotborgh‚
615 2573 740 2666 dejure
755 2572 943 2644 succedendi
959 2571 1131 2642 liberorum
1147 2581 1210 2640 not.
1229 2613 1269 2628 »-

150 2705 191 2773 D.
225 2706 256 2772 J.
287 2729 349 2778 ven
379 2706 540 2795 Stegeren‚
576 2707 616 2775 dc
648 2707 828 2776 conditione
851 2707 913 2776 civ.
943 2704 1051 2774 femin.
1083 2705 1197 2772 Athen.
1228 2743 1269 2758 -

149 2837 192 2905 H.
224 2838 268 2907 du
298 2839 386 2920 Bois,
424 2839 462 2907 de
491 2839 703 2912 concubinatu
733 2837 817 2931 opud
849 2839 984 2905 Romen.
1016 2876 1060 2888 -
1091 2837 1121 2903 J.
1152 2838 1205 2904 Fr.
1229 2859 1271 2926 op

151 2979 204 3038 ten
238 2970 351 3051 Noort,
391 2971 430 3038 de
455 2971 592 3040 laesione
623 2971 757 3038 enormi.
790 3008 833 3020 —-
864 2967 895 3035 S.
925 2968 954 3034 J.
984 2967 1022 3035 G.
1046 2969 1200 3055 Bergson
1232 2967 1271 3034 de

151 3105 281 3171 exercit.
322 3104 453 3170 actione.
492 3143 534 3156 -
573 3104 603 3170 J.
634 3103 673 3171 G.
706 3125 766 3176 van
797 3101 854 3170 der
879 3102 997 3179 Voort,
1038 3099 1077 3167 dc
1109 3099 1171 3167 fide
1201 3121 1271 3189 quae

153 3245 211 3302 eto.
246 3277 290 3289 --
324 3236 363 3302 D.
398 3236 537 3315 Weerts,
572 3234 612 3302 de
648 3242 793 3302 transact.
824 3273 867 3285 -
896 3233 930 3299 L.
955 3233 996 3300 H.
1020 3255 1080 3305 van
1104 3203 1187 3299 itsch
1213 3255 1271 3303 von

155 3367 273 3456 Wijck,
299 3366 429 3457 dejure
452 3376 482 3435 et
505 3367 617 3447 modo,
643 3390 706 3456 qno
730 3371 763 3434 in
788 3366 866 3434 urbo
881 3366 941 3432 nh.
958 3366 1087 3455 Troject.
1106 3375 1178 3432 ente
1193 3387 1269 3434 ann.

155 3500 244 3566 1528
277 3499 390 3589 eligeb.
426 3509 485 3568 etc.
515 3539 560 3552 -
592 3505 630 3566 Α.
657 3500 696 3566 G.
720 3500 847 3566 Snouck
870 3500 1065 3589 Hurgronje,
1106 3497 1144 3566 de
1168 3499 1271 3566 cotiat.

153 3630 265 3699 bonor.
297 3672 338 3684 —-
370 3631 409 3698 N.
433 3633 462 3698 J.
487 3653 548 3702 van
571 3633 682 3699 Hoorn
707 3641 752 3698 tot
775 3631 898 3718 Burgi,
938 3630 977 3698 do
1000 3631 1200 3697 testamentis.
1225 3670 1271 3682 -

155 3765 211 3831 W.
248 3785 308 3834 van
335 3761 391 3830 der
413 3763 515 3843 Bank,
550 3762 589 3830 de
621 3764 821 3830 transaction.
847 3801 891 3814 -·
914 3761 953 3828 G.
977 3759 1012 3829 G.
1039 3761 1083 3828 Μ.
1108 3759 1146 3828 de
1169 3761 1272 3848 longe

156 3917 215 3964 van
242 3895 405 3974 Etlemeet,
439 3894 478 3962 de
509 3897 632 3964 minore
654 3905 752 3964 etate.
775 3933 820 3946 —·
842 3895 880 3961 D.
906 3895 960 3961 W.
984 3893 1012 3959 J.
1037 3893 1070 3960 G.
1095 3915 1156 3965 van
1179 3892 1271 3983 Lijn-

153 4025 227 4105 den,
263 4025 302 4094 de
336 4029 525 4096 commercio
560 4029 724 4096 societatis.
749 4069 794 4080 —
825 4029 861 4094 B.
886 4025 1010 4117 Sjoerds
1033 4025 1194 4103 Stienstro‚
1230 4023 1271 4090 de

150 4161 306 4250 emancip.
328 4199 373 4212 -
398 4162 439 4229 H.
464 4160 500 4228 C.
524 4161 620 4228 Hoost
645 4161 820 4249 Hosseiaer‚
846 4159 885 4226 tle
908 4160 1053 4248 portione
1076 4181 1171 4247 quem
1194 4177 1271 4224 con-

142 4301 218 4392 jnx.
253 4303 311 4359 etc.
338 4333 377 4344 -
400 4293 439 4359 G.
472 4316 532 4362 van
555 4293 753 4374 Gocdoerer,
790 4293 829 4360 de
852 4293 998 4361 divortio.
1023 4329 1068 4340 —-
1091 4291 1133 4358 H.
1159 4294 1197 4356 Α.
1222 4290 1268 4358 Μ.

146 4445 210 4496 van
236 4423 322 4492 Asch
347 4446 406 4496 van
432 4425 550 4515 Wijck,
582 4426 622 4493 dc
644 4425 747 4492 delict.
772 4406 975 4512 extra'regni
999 4423 1096 4490 territ.
1120 4421 1203 4489 adm.
1231 4460 1275 4474 —

1125 4557 1170 4622 14
