3052 5324
345 1289 961 1463 emanatura
1053 1369 1056 1376 ⁴

144 2495 324 2577 Catalacum
348 2495 535 2560 Brilittltccae
549 2495 682 2580 pntllrcac
699 2495 924 2576 daventrimsis,
951 2494 1125 2558 auctoritate
1139 2493 1217 2557 Am-

98 2629 294 2709 plissimorum
336 2627 519 2693 Cunctorum
556 2628 696 2692 Athenaei
718 2627 859 2710 illustris,
901 2643 982 2692 amm
1010 2621 1097 2694 {852
1128 2644 1216 2691 coru-

102 2763 192 2842 cripsit
220 2763 358 2843 primurn
391 2763 437 2824 uir
466 2761 633 2843 plurimum
666 2760 848 2824 amarandus
873 2757 908 2822 P.
933 2755 967 2824 C.
994 2756 1215 2842 Moffluusss,

103 2893 153 2956 hac
173 2893 208 2957 de
229 2911 263 2956 re
285 2894 394 2974 eprcpec
415 2895 544 2957 meritus.
582 2893 689 2956 Deinde
706 2911 774 2957 vero
791 2893 933 2958 lituorum
947 2893 1046 2975 eopia,
1073 2928 1117 2938 -
1132 2892 1217 2957 nullo

104 3042 160 3088 non
189 3032 319 3107 tempore
352 3027 433 3089 centis
463 3028 515 3108 qui
547 3027 672 3091 utilitate
700 3027 844 3110 comem
880 3027 1051 3108 munerique
1076 3027 1213 3108 acceptis,

105 3164 161 3220 tam
192 3176 232 3222 ece
260 3158 382 3239 privata
416 3158 600 3240 liberalitate,
635 3176 727 3240 quam
754 3177 794 3223 ccc
812 3159 930 3240 publiea
951 3159 1072 3222 civitatis
1093 3159 1217 3240 muniri-

104 3290 208 3370 centia,
243 3325 290 3336 -
314 3290 386 3354 talia
417 3291 489 3370 cepit
517 3290 710 3371 incrementa,
746 3296 781 3353 ut
803 3289 845 3353 ad
864 3289 1032 3372 appendices
1053 3307 1128 3355 mora
1150 3297 1219 3354 esset

105 3422 337 3503 cousuprendum.
386 3421 469 3499 Quae
473 3469 485 3504 ,
511 3421 560 3486 uli
574 3421 644 3503 iam
666 3423 794 3504 quinque
815 3421 937 3504 majoris
958 3423 1112 3486 minorisae
1133 3424 1217 3488 molis

105 3562 182 3618 eram
210 3573 353 3637 numera,
391 3555 533 3619 librorum
557 3555 744 3620 multitudine
765 3555 891 3637 quotidie
913 3561 1099 3639 ccumccnte,
1130 3574 1217 3621 nemo

105 3704 159 3750 non
189 3687 343 3770 aestimat,
379 3693 422 3751 tot
453 3687 639 3769 appendices,
677 3693 857 3770 quantopere
887 3693 976 3750 essem
1004 3705 1061 3752 mu
1082 3689 1218 3753 molestae

102 3835 262 3901 parumque
292 3819 447 3900 praesidii,
483 3853 527 3864 --
551 3836 637 3882 ucrrro
670 3836 732 3883 nort
764 3817 906 3882 librorum
926 3820 1118 3884 recursiauem
1138 3821 1216 3886 iute-

106 3965 198 4032 pram,
225 3951 322 4014 denuo
345 3951 569 4034 instituendam,
594 3953 773 4015 veliementer
794 3951 981 4016 dmidmadat.

147 4080 221 4146 Huic
255 4083 393 4148 desidmio
427 4084 541 4148 odviam
571 4092 712 4149 renuunt
737 4084 894 4150 Curatores
914 4085 1044 4166 providi,
1080 4086 1133 4166 qui
1153 4087 1218 4149 ciro

108 4211 260 4279 dactr'ssimo
299 4211 332 4278 C.
372 4217 410 4278 Α.
440 4214 682 4292 concessisse,
722 4223 792 4281 tunc
831 4217 1019 4282 Bibliothecae
1049 4218 1214 4299 praesecto,

108 4340 182 4406 lodie
217 4345 426 4412 amstelodami
454 4349 625 4432 professori,
664 4349 862 4432 mandarunt,
888 4356 922 4412 ut
944 4345 1073 4412 alteram
1095 4357 1214 4434 partem
1305 4403 1306 4408 ,

108 4474 195 4552 priori
216 4477 343 4544 adderet.
