3076 5318
791 369 857 438 ii!

264 587 303 656 vio
327 585 446 674 Vectig.
470 606 508 653 ao
529 581 650 654 'l'n'but
674 585 708 652 iu
724 583 809 653 Holl.
827 593 884 652 eto.
901 623 944 638 -
960 584 990 652 J.
1007 583 1042 650 t.
1059 584 1101 654 Η.
1118 589 1156 654 Α.
1172 583 1320 667 Getieis,
1343 585 1385 656 de

259 726 335 815 jure
359 719 609 790 interventionis.
641 754 687 771 -
716 718 752 784 D.
778 719 823 784 Μ.
849 739 908 785 vau
935 715 1052 786 Geidar
1074 717 1113 787 do
1135 715 1305 800 Neuivilie,
1341 718 1383 788 de

264 853 394 922 Mercat.
419 860 450 919 et
471 862 544 920 nav.
568 851 710 940 gentium
733 850 767 918 iu
790 849 874 918 bello
897 849 1084 918 mediarum.
1109 889 1153 902 -
1173 850 1213 920 G.
1232 857 1270 920 Δ.
1287 853 1384 924 lissei

264 983 303 1054 de
325 983 496 1076 Sohepper,
523 985 595 1052 Duo.
621 981 661 1050 de
683 1005 775 1052 ouuss
799 983 834 1050 in
852 982 1126 1052 conventionibus.
1149 1022 1191 1036 -
1205 983 1245 1052 G.
1261 985 1383 1056 Everts.

264 1117 300 1186 Ρ.
324 1116 360 1183 Ρ.
382 1114 445 1194 Fit,
475 1113 514 1182 de
536 1114 641 1193 bouis,
668 1135 740 1204 qum
765 1123 825 1182 etc.
851 1153 895 1164 -
923 1113 957 1182 C.
982 1115 1020 1181 D.
1044 1119 1151 1194 Assar,
1184 1114 1223 1182 do
1245 1137 1283 1184 eo
1305 1115 1384 1206 quid

260 1249 345 1342 juris
366 1249 418 1328 ait,
442 1248 526 1317 eirca
549 1247 729 1339 pecuniam,
761 1269 832 1338 quae
854 1255 913 1316 eto.
937 1285 982 1300 -·-
1010 1248 1051 1315 Η.
1074 1250 1110 1313 F.
1134 1246 1303 1316 Lantsheor
1342 1248 1382 1318 de

265 1379 434 1452 Contracta
457 1380 596 1464 foenoris
617 1377 753 1448 Noutiei.
786 1417 831 1430 —
860 1379 897 1446 P.
920 1375 993 1448 cir.
1018 1379 1201 1462 Stadnitski,
1230 1380 1268 1449 da
1289 1383 1385 1449 irbi·

264 1516 336 1583 trio.
368 1553 413 1567 -
443 1511 482 1581 G.
516 1513 571 1582 W.
605 1512 640 1579 F.
668 1511 838 1604 Lyoklama
866 1519 885 1580 i
916 1512 1064 1604 Nyeholt,
1094 1511 1133 1581 da
1156 1513 1302 1584 Mandato
1344 1553 1385 1564 -

265 1647 300 1718 C.
335 1647 380 1715 Μ.
411 1649 449 1714 Α.
481 1643 591 1714 Simon
615 1666 676 1716 vau
701 1644 759 1713 der
781 1649 842 1724 Aa,
884 1645 923 1713 de
946 1646 1077 1715 Procur.
1098 1646 1313 1740 judicialibus.
1340 1685 1385 1698 -

265 1779 296 1849 J.
323 1779 494 1848 Messchert
515 1801 577 1849 vau
606 1777 839 1858 Volienlroveu‚
875 1776 914 1846 de
937 1779 1054 1866 exigua
1082 1781 1126 1858 vi,
1151 1802 1247 1870 qnam
1270 1779 1385 1871 philos.

266 1933 367 2002 greca
389 1911 499 1980 habuit
521 1917 554 1978 in
578 1911 700 1979 efform.
721 1911 853 2002 jurispr.
878 1933 1019 1979 romana.
1044 1951 1088 1962 -
1111 1910 1148 1981 G.
1166 1913 1203 1979 P.
1219 1913 1255 1981 L.
1277 1912 1385 2002 Brug-

265 2066 368 2124 maus,
392 2043 431 2112 de
453 2042 560 2132 Oblig.
587 2043 658 2110 Nat.
683 2045 717 2110 iu
740 2043 818 2111 Jure
841 2065 922 2112 rom.
946 2053 977 2111 et
1000 2042 1073 2112 hod.
1098 2082 1141 2096 -
1165 2045 1201 2112 P.
1218 2045 1248 2111 J.
1264 2044 1386 2135 Teding

266 2199 326 2250 vau
350 2175 525 2256 Beriihout,
550 2177 596 2244 Da
618 2197 670 2256 eo,
694 2197 735 2244 au
758 2185 789 2244 et
813 2183 966 2267 quatenus
989 2199 1007 2243 a
1027 2177 1101 2268 jure
1124 2185 1226 2245 natur.
1247 2177 1301 2268 jus
1322 2200 1386 2268 po·
1531 2203 1532 2272 3

266 2309 348 2382 sitiv.
372 2331 435 2378 reo.
455 2309 540 2401 juste
561 2310 669 2401 possit.
693 2349 738 2360 —
764 2309 816 2376 Fr.
840 2307 1025 2399 Bohtlinglr‚
1050 2309 1089 2378 de
1112 2331 1210 2378 nonu.
1227 2311 1384 2401 peregrin.

261 2443 328 2534 jur.
353 2449 414 2512 eto.
439 2481 484 2495 -
506 2441 538 2511 J.
563 2442 591 2510 l.
618 2440 781 2520 Delbaem,
807 2440 846 2509 do
869 2442 966 2510 Bonis
989 2439 1133 2532 publicis.
1157 2482 1202 2494 —
1228 2443 1269 2510 Η.
1292 2442 1382 2511 Kro-

266 2574 419 2665 nenberg,
446 2579 586 2643 Dooeotr.
620 2573 659 2641 da
672 2575 849 2666 Proscript.
865 2597 927 2665 qua
942 2577 1081 2644 actiones
1098 2547 1319 2644 exeluduntur.
1334 2613 1381 2628 -

266 2706 301 2777 C.
330 2709 360 2775 J.
391 2705 426 2775 C.
456 2705 605 2775 Stakmau
632 2707 741 2786 Bosse,
774 2706 813 2774 do
836 2705 994 2775 Mandato.
1019 2745 1064 2756 -—
1092 2705 1149 2774 Th.
1174 2729 1234 2778 van
1258 2707 1381 2788 Hoetu,

264 2839 304 2908 de
336 2839 480 2930 Navigat.
516 2848 546 2906 et
578 2841 767 2908 Mercatura.
802 2878 846 2894 -
882 2840 920 2906 Ι).
949 2839 980 2906 J.
1006 2840 1144 2919 Weerts,
1184 2843 1320 2910 Dooentr.
1343 2838 1384 2909 de
1530 2879 1531 2886 .

263 2969 396 3066 Objeoto
417 2972 612 3043 Contractus.
635 3012 679 3024 -
696 2972 728 3042 J.
748 2970 783 3040 G.
799 2969 835 3042 G.
852 2993 912 3043 van
927 2971 1099 3052 hennon,
1125 2970 1166 3040 ad
1180 2971 1287 3042 locum
1300 2973 1383 3064 juris

264 3105 337 3175 hod.
362 3115 420 3175 eto.
445 3145 489 3158 -
511 3106 550 3174 Ε.
575 3106 611 3174 Ρ.
635 3105 674 3174 de
690 3105 756 3174 Vos
781 3128 840 3176 van
863 3105 1044 3198 Steenvvgk,
1069 3105 1108 3174 de
1123 3105 1242 3174 Facult.
1259 3113 1385 3174 eontra·

265 3237 370 3306 heudi.
387 3277 432 3289 -
448 3239 489 3304 fl.
504 3240 544 3306 Α.
562 3260 622 3308 van
637 3237 820 3317 notionem,
838 3237 877 3306 de
892 3238 993 3310 Evict.
1006 3249 1110 3330 praest.
1122 3237 1322 3328 obligatione.
1338 3277 1382 3291 -

262 3369 609 3450 uiuesceret,
642 3371 680 3438 da
703 3373 836 3441 Munere
864 3371 1037 3441 Causarum
1061 3374 1196 3464 patroni.
1221 3409 1267 3424 -
1293 3370 1327 3441 (λ
1352 3371 1382 3439 J.

262 3504 425 3590 Franoois
450 3503 489 3570 de
511 3504 587 3592 Leg.
612 3505 704 3572 Rom.
729 3505 767 3572 ad
791 3503 880 3596 pubi.
905 3507 978 3574 inst.
1002 3507 1116 3596 pertin.
1140 3543 1185 3556 —
1208 3503 1242 3574 G.
1258 3501 1298 3572 G.
1323 3527 1383 3577 van
1529 3467 1530 3552 t

262 3635 393 3715 Dotem,
419 3635 457 3704 da
479 3637 585 3725 Legat.
605 3639 671 3729 jur.
695 3646 726 3706 et
749 3638 848 3727 obiig.
874 3677 919 3692 -
941 3637 976 3705 G.
1000 3638 1036 3705 F.
1067 3639 1097 3705 J.
1121 3639 1172 3706 Fr.
1191 3636 1322 3706 Haoiort
1337 3646 1383 3706 tot

263 3779 311 3837 ter
334 3769 442 3846 Horat,
467 3769 506 3836 ad
530 3771 577 3837 tit.
603 3771 815 3859 Digestorum.
842 3807 887 3821 -
910 3768 950 3838 G.
977 3768 1180 3850 Suermoudt,
1205 3769 1244 3838 do
1267 3771 1381 3850 nausis.

263 3901 351 3993 quib.
385 3901 574 3972 Guiiielmus
596 3904 643 3969 111
666 3913 724 3971 etc.
753 3943 798 3954 -
828 3907 868 3970 Α.
891 3903 920 3969 J.
945 3926 1006 3975 van
1029 3903 1086 3972 der
1109 3904 1215 3985 Heim,
1247 3901 1286 3971 de
1308 3906 1382 3971 Aut.

262 4035 406 4105 Heinsio.
440 4075 483 4088 -
514 4037 556 4106 H.
582 4035 755 4125 Cookinga,
787 4035 826 4102 de
857 4035 902 4102 tit.
928 4035 1077 4104 Pandoot.
1101 4037 1155 4105 eui
1180 4046 1238 4105 ete.
1270 4073 1316 4088 -
1347 4035 1383 4102 Ρ.
1528 4097 1529 4106 ,

262 4169 482 4250 Bussemaker‚
520 4173 658 4240 Dooeotr.
689 4168 728 4236 de
750 4167 964 4259 Corrupetela.
1001 4207 1045 4220 —
1078 4167 1114 4235 L.
1139 4167 1319 4260 Verheyen,
1344 4165 1384 4235 da

262 4301 378 4370 oondit.
402 4323 463 4370 see.
487 4301 558 4371 eod.
584 4301 695 4393 Nepol.
719 4301 883 4394 principia.
933 4300 1032 4368 1834.
1079 4301 1101 4368 8

307 4433 336 4501 J.
348 4433 386 4503 E.
399 4433 532 4504 Nuhout
542 4457 602 4506 vau
613 4431 780 4512 derVeeu,
793 4431 832 4502 de
843 4434 1039 4504 auctoritato
1050 4433 1214 4504 Tuternm.
1232 4431 1331 4500 1854.
1347 4433 1384 4503 4.

707 4553 951 4573 'nunna—t·-
