3076 5318
670 393 732 463 tal

146 614 265 683 ‹liA'one
287 615 334 682 rei
356 612 538 682 immobilis.
553 651 599 665 -
613 611 648 683 0
665 613 705 679 Η.
722 611 818 688 Peri,
842 610 881 678 de
904 611 1035 680 arbitrio
1054 608 1123 702 iud.
1146 611 1179 678 in
1196 609 1266 678 loro

146 747 313 818 criminali.
346 785 391 798 -
420 748 456 812 P.
494 747 529 813 B.
566 747 595 812 J.
636 745 768 842 Vegelin
800 765 861 813 van
891 741 1112 830 Claerbergon,
1137 741 1176 810 de
1203 743 1270 833 jur·

145 881 263 947 summi
299 879 483 969 imperantis
517 877 550 945 ln
587 900 650 946 soe.
688 876 764 944 eool.
800 913 845 928 -
879 874 915 942 G.
953 876 993 941 li.
1020 897 1081 945 van
1110 874 1266 955 Rhomen,

146 1011 185 1078 de
221 1030 350 1097 argum,
390 1011 505 1100 quibus
543 1019 632 1100 pacta
672 1031 770 1078 mero.
811 1009 1052 1098 impugnantur.
1084 1045 1129 1058 -
1156 1007 1197 1074 fl.
1228 1005 1264 1076 C.

145 1144 283 1234 llnyser,
327 1143 366 1210 de
397 1142 463 1210 als.
493 1143 576 1233 juris
610 1141 711 1209 differ.
746 1143 829 1209 inter
864 1137 934 1206 cod.
967 1137 1065 1207 lrano.
1097 1146 1128 1206 et
1161 1138 1265 1207 Neerl.

146 1276 365 1345 novissimum.
393 1313 437 1325 -
466 1273 500 1342 G.
523 1272 557 1340 C.
586 1277 625 1339 A.
649 1272 679 1339 J.
707 1296 768 1345 ran
796 1272 853 1341 der
878 1272 1013 1350 Straton,
1050 1270 1088 1340 de
1117 1270 1266 1362 Deposito

145 1417 205 1475 ete.
237 1445 278 1458 --
305 1407 360 1472 W.
394 1411 434 1473 A.
466 1405 722 1484 Wilbrenninolr,
755 1405 794 1472 ale
826 1406 966 1496 lnjuriis.
991 1443 1034 1456 -
1057 1402 1096 1471 G.
1127 1426 1186 1474 van
1210 1403 1266 1472 (ler

146 1539 242 1616 Goes,
266 1536 306 1606 tle
321 1537 413 1607 bonis
436 1535 629 1608 vacantibus.
656 1575 700 1587 -
722 1536 753 1604 J.
781 1536 822 1604 u.
846 1535 1062 1614 uuoltonhelt,
1088 1534 1126 1604 de
1151 1535 1266 1604 Diuor-

147 1673 203 1740 tio.
223 1709 268 1722 -
284 1669 314 1736 J.
338 1691 398 1737 ran
422 1668 558 1757 llengel,
583 1667 623 1737 (lo
646 1667 747 1735 tribus
769 1667 883 1758 Major.
907 1667 1049 1738 novellis.
1065 1705 1109 1718 -
1125 1666 1164 1735 G.
1180 1667 1264 1746 Bolr,

147 1803 185 1870 de
220 1803 356 1871 Testem.
393 1825 464 1890 quae
493 1803 566 1892 juro
597 1801 677 1870 liunt
708 1802 885 1880 communi,
909 1799 1019 1869 formis
1050 1799 1198 1868 externis.
1222 1837 1267 1851 -

146 1940 186 2001 A.
217 1938 259 2002 A.
297 1933 349 2002 ‹lel
372 1932 484 2014 Court,
516 1934 555 2002 de
578 1933 746 2002 Nundinis.
778 1971 824 1984 -
853 1934 890 1999 B.
914 1932 953 1999 G.
981 1931 1196 2021 Blijdenstein,
1227 1931 1267 1998 de

145 2077 290 2138 convent.
313 2068 474 2157 interpret
499 2105 544 2118 -
568 2066 608 2132 ll.
632 2065 676 2133 Μ.
702 2087 761 2133 vau
785 2065 865 2144 Eok,
892 2067 980 2142 Duo,
1005 2063 1044 2131 de
1066 2062 1203 2153 Obligat.
1219 2099 1265 2116 -

146 2202 186 2269 N.
212 2201 264 2269 rr.
288 2199 323 2268 C.
350 2200 379 2266 J.
403 2197 527 2277 Sassen,
552 2197 591 2265 (le
613 2207 694 2288 port.
720 2197 809 2264 liber.
835 2206 897 2264 nat.
921 2206 1087 2268 reservata.
1111 2235 1155 2249 -
1179 2200 1219 2264 A.
1233 2197 1264 2265 l.

148 2332 256 2411 Noels,
282 2331 321 2400 de
343 2331 427 2420 Lege
450 2331 607 2398 commiss.
631 2369 676 2381 --
699 2331 735 2395 Ε.
762 2352 821 2399 van
846 2329 1016 2398 Woldereu
1039 2332 1193 2418 Rengers,
1225 2331 1264 2402 de

146 2465 212 2534 iud.
239 2474 269 2533 et
295 2467 375 2553 orig.
402 2463 509 2552 Oblig.
533 2485 604 2554 que
624 2465 657 2530 iu
672 2464 750 2532 lure
765 2465 859 2530 Rom.
875 2463 965 2552 quasi
981 2484 1032 2530 ex.
1049 2461 1162 2531 delicto
1179 2465 1264 2533 nesoi

146 2599 273 2667 dieitur.
292 2635 333 2652 -
349 2596 388 2666 G.
411 2599 463 2666 Fr.
489 2598 661 2685 Wegener,
687 2595 726 2664 do
749 2596 941 2676 Quaestione,
966 2619 1007 2664 an
1030 2604 1090 2665 olo.
1108 2634 1153 2648 -
1168 2596 1207 2664 l).
1230 2595 1261 2667 J.

148 2753 208 2800 van
232 2728 353 2808 Raalte,
379 2734 470 2814 Dae,
498 2729 537 2798 do
561 2730 708 2798 Discrim.
734 2730 791 2796 int.
816 2727 935 2796 Delicta
958 2728 1067 2798 dolosa
1090 2737 1121 2798 et
1135 2700 1264 2819 oulposa

145 2884 219 2930 oum
235 2871 293 2928 ete.
310 2899 354 2914 --
370 2862 414 2928 Μ.
430 2860 619 2940 Dobbelaer,
645 2861 683 2928 do
699 2859 833 2928 Liberat.
851 2884 892 2928 ex
907 2862 1009 2951 prino.
1027 2861 1095 2930 lur.
1112 2862 1205 2930 llom.
1217 2899 1263 2914 -

145 2995 189 3060 Μ.
208 3016 266 3062 vau
288 2993 486 3072 Doorniuolr,
510 2997 604 3079 Duo,
632 2993 671 3060 de
694 2994 811 3060 Errare
833 2995 866 3061 iu
882 2993 1033 3064 Conveni.
1082 2995 1181 3062 1855.
1228 2994 1261 3061 8.

191 3261 281 3326 5292
327 3259 358 3325 S.
392 3281 454 3328 van
480 3258 537 3326 der
561 3258 709 3338 Swalmo,
739 3259 779 3326 ad
805 3259 845 3338 Q.
870 3257 1008 3328 Cervidii
1022 3257 1263 3347 Sooeroleresp.

144 3390 216 3458 libr.
236 3390 311 3457 Vel
326 3390 380 3456 vl.
405 3429 449 3441 -
472 3390 502 3456 J.
519 3390 578 3457 Ph.
594 3390 764 3468 Boddaart,
788 3390 828 3458 ad
844 3381 903 3457 Tit.
920 3390 1065 3480 pandect,
1090 3389 1129 3458 de
1143 3398 1202 3458 ete.
1219 3425 1264 3442 -

144 3524 182 3588 ll.
200 3526 237 3588 A.
252 3521 412 3612 Portieljo,
425 3521 576 3600 Quaestio
589 3530 647 3590 ete.
661 3559 706 3572 -
719 3520 756 3588 G.
771 3523 816 3587 Μ.
827 3521 862 3588 G.
879 3520 989 3600 lloolt,
1001 3519 1040 3588 ‹le
1052 3520 1204 3588 llivortio.
1219 3557 1262 3573 -

143 3655 183 3722 D.
215 3654 245 3720 l.
276 3675 335 3724 van
362 3654 558 3731 Doorninelr,
594 3659 749 3739 Dooeatr„
782 3653 821 3720 de
844 3655 950 3721 Looet.
975 3651 1119 3722 conduct.
1143 3651 1262 3722 fundo·

142 3808 225 3852 rum.
258 3825 300 3835 —-
332 3785 366 3852 G.
397 3783 428 3852 S.
452 3785 659 3876 Wyumalen,
695 3786 735 3854 de
766 3786 892 3856 Probat.
917 3785 1194 3876 perscripturum.
1218 3821 1262 3837 -

143 3915 182 3984 G.
206 3917 251 3984 Μ.
279 3915 318 3982 de
341 3916 469 3996 Breuw,
496 3917 534 3985 de
558 3917 688 4006 obligat.
715 3917 831 3985 condit.
856 3957 901 3968 --
923 3919 952 3986 J.
968 3919 1004 3985 P.
1021 3940 1081 3988 rau
1097 3917 1261 3998 Blarlrom,

145 4047 184 4116 de
206 4049 300 4116 Allia.
315 4048 388 4138 juro
404 4069 546 4117 romano.
564 4088 608 4098 —
627 4050 666 4116 ll.
683 4048 756 4118 Cost
770 4047 892 4128 Budde,
919 4053 1073 4132 Dooeotr„
1100 4048 1139 4118 de
1154 4049 1262 4118 Locat.

145 4181 289 4249 eonduot.
314 4179 496 4250 fundorum.
520 4221 566 4234 -
587 4182 622 4249 C.
648 4187 685 4248 A.
710 4184 750 4248 H.
778 4182 906 4250 Donker
928 4181 1067 4260 Curtius,
1091 4180 1129 4249 do
1145 4181 1260 4249 Credit.

144 4313 267 4403 juribus
291 4315 324 4382 in
347 4337 469 4385 navem.
496 4354 539 4366 -
563 4316 598 4381 P.
623 4315 680 4380 Ph.
706 4336 765 4384 van
788 4315 896 4392 Bosse,
922 4313 961 4381 de
981 4314 1110 4401 Regem.
1126 4313 1262 4380 munici-

149 4445 233 4536 palis·
257 4485 304 4498 τ·-
326 4445 361 4514 (l.
383 4446 413 4513 J.
437 4446 590 4538 Fortuyn,
615 4445 654 4514 (le
678 4444 835 4536 pilularum
858 4454 916 4513 eto.
932 4483 977 4498 -
1000 4443 1039 4514 G.
1058 4444 1097 4514 u.
1114 4444 1146 4514 J.
1165 4443 1259 4534 Berg,
