3084 5320
294 612 333 680 de
356 612 462 680 donat.
489 612 571 679 inter
593 612 752 702 conjuges.
770 651 813 664 -
833 613 887 679 W.
910 613 945 678 F.
971 611 1116 682 Schoiten
1142 636 1202 682 van
1227 611 1412 704 Ganaoijen‚

293 745 332 811 de
346 745 471 834 imperii
490 742 599 810 formis
616 753 673 811 eto.
693 783 735 794 -
758 745 793 809 Ρ.
806 743 841 812 G.
855 745 883 810 J.
900 767 959 814 van
980 744 1092 824 Gbert,
1118 745 1157 812 de
1176 768 1292 813 necess.
1307 769 1417 837 poenae

293 878 384 966 capit.
410 915 451 926 ψ-
475 876 511 941 Ε.
529 876 567 941 R.
584 874 706 943 Nicola'i
722 874 835 951 d’Abo,
862 875 901 943 de
925 876 1073 966 prohibit.
1091 878 1171 944 inter
1188 879 1276 946 vivos
1292 891 1349 945 eto.
1369 919 1414 929 —

294 1007 329 1073 B.
354 1011 392 1073 A.
418 1008 455 1074 G.
481 1008 586 1084 naba,
612 1007 650 1074 de
674 1008 857 1099 bydrarcbia
883 1009 1043 1099 Byieveid.
1061 1048 1105 1062 -
1123 1011 1176 1076 W.
1201 1011 1230 1076 J.
1248 1010 1416 1099 d'Abiaing

295 1163 354 1210 van
379 1140 604 1228 Giessenburg,
640 1140 772 1232 dejure
796 1144 855 1210 civ.
881 1142 998 1209 militis.
1023 1182 1068 1193 —
1094 1141 1128 1210 G.
1154 1166 1215 1212 van
1238 1143 1294 1210 der
1316 1143 1413 1221 Goas,

294 1275 333 1342 de
358 1273 529 1341 bereditate
553 1275 685 1342 vacanti.
702 1309 747 1324 --
767 1273 796 1340 J.
813 1275 850 1339 F.
865 1274 893 1339 i.
911 1274 1083 1362 Binninge,
1109 1275 1175 1342 obs.
1192 1274 1231 1341 ad
1247 1286 1303 1342 art.
1326 1276 1415 1343 1098

294 1406 362 1476 aod.
391 1409 450 1476 aiv.
474 1446 517 1457 —
554 1407 590 1472 D.
614 1405 769 1474 Bentinak
793 1427 852 1475 van
877 1406 1109 1485 Soboonbeten,
1146 1406 1184 1475 de
1205 1407 1415 1498 jurejurando

296 1555 355 1608 ete.
381 1579 425 1590 -
448 1540 506 1606 Tb.
530 1523 576 1604 G.
595 1561 655 1608 van
678 1537 797 1628 Zuyien
823 1559 882 1606 van
907 1539 1042 1617 Nievelt,
1075 1539 1206 1630 dejure
1229 1539 1417 1608 succedendi

295 1672 468 1740 liberorum
488 1681 550 1737 nat.
578 1710 619 1722 -
636 1670 671 1736 P.
692 1667 861 1736 Gocbbnrn
877 1670 1004 1748 Princo,
1022 1668 1060 1736 de
1076 1670 1234 1738 mandato.
1259 1672 1358 1741 1856.
1381 1671 1416 1738 8.

340 1935 430 2004 5457
477 1937 513 2002 Β.
543 1941 581 2002 A.
602 1935 780 2019 ,Roeivinin
806 1936 845 2003 de
872 1936 1011 2003 clausula
1040 1937 1164 2026 poenali
1190 1935 1309 2027 adjecta
1335 1959 1416 2004 oon·

298 2077 381 2134 vent.
419 2107 459 2119 -—
493 2069 523 2135 J.
556 2067 594 2134 G.
626 2069 758 2158 Tbiorry
790 2068 830 2134 de
863 2069 940 2158 Bye,
977 2067 1016 2134 de
1038 2068 1180 2136 dominio
1204 2071 1343 2137 navium.
1371 2109 1417 2121 -—

296 2200 325 2266 J.
348 2199 377 2266 J.
406 2201 443 2266 b.
468 2199 613 2290 Napeae,
644 2199 683 2267 de
710 2202 835 2290 praeoip.
861 2202 944 2292 juris
968 2223 1041 2269 nov.
1065 2212 1125 2269 etc.
1152 2241 1196 2252 -
1227 2203 1277 2270 W.
1302 2202 1337 2268 L.
1355 2219 1417 2271 'van

296 2333 478 2401 Heeckeron
493 2356 552 2402 van
566 2333 822 2422 brandanburg,
837 2333 876 2401 de
889 2336 1113 2403 communione
1125 2334 1282 2402 bonorum
1296 2346 1356 2404 oto.
1371 2375 1417 2386 -
1533 2341 1534 2346 ’

294 2469 332 2534 li.
357 2469 385 2533 J.
410 2467 450 2535 G.
472 2467 507 2534 G.
532 2467 570 2533 de
595 2467 707 2543 Narba,
733 2467 772 2534 de
795 2478 896 2534 contr.
919 2468 1010 2535 redit.
1036 2467 1120 2536 vitai.
1137 2470 1264 2557 exjnro
1280 2491 1353 2537 nov.
1371 2506 1417 2520 -

296 2601 350 2665 W.
389 2597 428 2665 G.
469 2599 507 2665 de
546 2599 684 2666 Knobke
718 2621 777 2668 van
813 2599 869 2667 der
905 2600 1045 2680 Monlen,
1086 2600 1124 2668 de
1158 2601 1337 2691 adoptione.
1372 2641 1420 2652 —
1533 2591 1534 2635 ἦ

296 2735 332 2796 A.
352 2730 487 2797 Kikkert
502 2729 714 2818 Sabotborgb,
731 2730 771 2798 de
787 2730 1033 2820 obligationibus
1050 2731 1112 2801 div.
1126 2771 1171 2782 -
1182 2732 1222 2798 G.
1240 2739 1278 2798 A.
1290 2732 1420 2800 Soonok

295 2863 490 2954 Hurgronje,
528 2862 566 2929 de
598 2863 671 2953 jure
705 2865 788 2930 circa
818 2887 971 2952 aggerum
1004 2877 1062 2932 oto.
1092 2905 1138 2916 -
1168 2867 1202 2930 L.
1228 2866 1417 2956 linipborst,

295 2995 334 3063 de
357 3007 468 3063 mutuo
484 2995 553 3062 reli.
581 3034 624 3045 -
648 2994 721 3062 Cbr.
739 2997 928 3086 Vorwayen,
953 2997 992 3064 de
1015 2995 1077 3065 litis
1100 2999 1173 3064 inst.
1202 3037 1244 3048 -
1270 3000 1306 3064 D.
1330 2997 1361 3063 S.
1386 2999 1417 3064 d.

295 3149 354 3197 van
379 3130 502 3218 Royan,
528 3125 567 3193 de
593 3149 667 3196 vero
690 3149 783 3195 sensu
809 3129 996 3197 vorborum:
1024 3151 1175 3220 apourvn
1199 3129 1276 3218 qn'il
1298 3151 1337 3196 en
1355 3131 1418 3197 soit
1531 3207 1532 3210 Ἴ

291 3260 432 3351 justifid''
465 3271 523 3328 etc.
561 3301 605 3310 —-
638 3261 666 3326 J.
699 3259 738 3328 G.
773 3261 957 3352 Heydanus,
992 3260 1030 3329 de
1055 3262 1153 3330 borid.
1177 3261 1341 3332 divisione.
1371 3300 1417 3313 -

294 3393 323 3459 J.
346 3393 526 3483 Heydanus,
552 3392 592 3459 de
608 3392 668 3459 fide
684 3393 904 3483 exemplorum
920 3394 987 3462 rell.
1003 3434 1049 3447 -
1064 3395 1102 3463 G.
1118 3397 1148 3462 J.
1164 3397 1262 3474 Meos,
1288 3396 1411 3465 observ.

295 3525 458 3616 quaedam.
484 3565 524 3576 -—
549 3525 621 3594 Gbr.
646 3525 684 3592 G.
709 3526 746 3592 Ε.
763 3527 912 3605 venibant,
939 3526 978 3594 de
996 3527 1093 3595 iibora
1110 3527 1231 3595 volunt.
1251 3527 1290 3596 ad
1306 3527 1411 3594 delict.

294 3658 434 3726 eontrab.
460 3681 577 3727 necess.
600 3694 642 3710 -ο
671 3659 708 3725 D.
731 3658 766 3726 C.
791 3666 829 3724 A.
855 3683 915 3727 van
939 3659 1144 3752 flogendorp.
1169 3661 1209 3728 de
1232 3662 1415 3748 interrogat.

293 3793 421 3883 injure
444 3790 503 3860 iao.
551 3793 650 3859 1857.
698 3793 729 3858 8.

340 4057 429 4125 5458
478 4058 531 4124 W.
568 4055 601 4124 G.
637 4057 734 4142 dieas,
770 4057 809 4124 de
843 4059 875 4129 vi
898 4067 1025 4126 mutata
1048 4066 1181 4125 moneta
1203 4058 1237 4123 in
1260 4056 1316 4124 soi.
1341 4078 1412 4146 pec.

295 4190 364 4258 deb.
389 4229 430 4240 -
454 4191 483 4256 J.
507 4189 546 4257 G.
570 4190 781 4270 Sebuurman,
814 4189 852 4258 de
876 4202 939 4258 nat.
964 4191 1116 4282 pignoris.
1139 4231 1183 4242 -
1205 4187 1244 4255 G.
1266 4187 1300 4256 C.
1325 4190 1416 4257 Fon·

294 4325 359 4391 tein
383 4324 566 4398 versabor,
591 4323 747 4410 animadv.
772 4323 812 4390 ad
834 4333 894 4391 art.
922 4324 989 4390 586
1012 4321 1082 4390 eod.
1107 4344 1178 4412 nap.
1196 4357 1238 4370 —
1256 4321 1299 4388 St.
1314 4322 1416 4400 nint,
1528 4397 1529 4432 ἶ

295 4454 333 4523 de
363 4477 465 4524 uxore
487 4456 679 4524 mercatrice.
711 4491 753 4504 -
783 4455 811 4520 d.
836 4454 871 4522 G.
897 4477 957 4524 van
982 4453 1039 4520 der
1062 4453 1201 4532 Mueien,
1237 4451 1276 4519 de
1298 4475 1419 4522 comm.
