3084 5320
797 408 869 484 Ι’185

265 635 364 725 raigia
377 633 666 726 semoto-poplites.
682 673 723 684 -
736 635 771 702 P.
783 636 812 702 J.
828 635 953 715 Koorn,
975 634 1015 703 de
1030 631 1150 724 pupilia
1162 631 1327 701 artificiali.
1342 671 1388 682 -—

266 769 301 834 P.
326 769 354 834 J.
380 768 520 845 Nortier,
546 767 656 848 Adhl,
690 769 729 835 de
752 771 860 858 quinte
885 776 993 858 pertus
1014 767 1156 858 periodo.
1175 811 1214 822 -
1233 767 1261 832 J.
1285 767 1391 832 Bron-

266 921 349 988 gers,
374 900 414 968 do
437 901 608 989 neurai'giis
631 903 665 967 in
690 921 761 988 gen.
782 937 820 948 ·-·
840 902 878 966 D.
905 899 944 966 G.
963 923 1022 970 van
1036 899 1138 989 Epeo,
1164 897 1202 964 de
1218 896 1391 987 phiehitide

266 1043 296 1099 et
319 1035 517 1124 resorptione
540 1033 722 1122 purulenta.
762 1033 872 1114 1842.
918 1031 951 1097 8.
1023 1057 1031 1082 ι

705 1195 945 1206 ffl-

311 1299 401 1364 5554
446 1297 485 1365 G.
510 1297 548 1363 G.
576 1301 613 1366 A.
640 1298 740 1378 Pieot,
765 1298 869 1368 brevis
893 1299 963 1365 hist.
989 1297 1073 1387 plor.
1099 1293 1201 1363 morb.
1220 1333 1264 1348 --
1279 1293 1318 1359 Η.
1343 1297 1387 1361 A.

264 1428 369 1508 stom,
395 1430 434 1498 ds
455 1429 590 1498 scrofule
607 1432 844 1498 mensonteriea.
861 1470 906 1481 -
921 1435 960 1496 A.
978 1429 1021 1499 Μ.
1039 1425 1188 1506 Verhoei‚
1207 1425 1246 1493 ds
1262 1447 1390 1515 spasmo

266 1563 442 1652 scriptorio.
468 1601 512 1615 -
535 1564 564 1629 J.
592 1565 644 1629 W.
669 1563 797 1642 Sohioh,
836 1564 875 1631 de
899 1561 1061 1630 medicam.
1086 1562 1151 1628 enti
1173 1558 1317 1650 applicat.
1341 1596 1390 1610 -

267 1695 324 1760 Ph.
349 1695 378 1760 J.
403 1695 440 1761 B.
467 1696 603 1774 Bentian,
630 1696 668 1764 de
692 1698 838 1764 cauteriis
861 1707 918 1764 aet.
936 1704 967 1763 et
982 1696 1096 1762 monis.
1113 1733 1157 1746 -
1173 1693 1209 1760 Ρ.
1225 1689 1386 1768 roton,

214 1855 217 1861 ’
266 1827 305 1893 de
327 1829 444 1915 angina
467 1829 646 1896 membran:
667 1869 709 1880 -
733 1831 768 1896 F.
791 1831 820 1895 J.
845 1803 998 1906 Buekers,
1023 1827 1061 1895 do
1085 1800 1264 1912 cardiaigia.
1282 1861 1324 1874 -ω
1341 1824 1385 1890 Η.

210 1979 212 1984 ’
268 1960 414 2038 Aalhers,
450 1961 489 2028 de
524 1960 645 2029 dishete
669 1961 811 2028 ‘mellito
837 1997 881 2012 -
905 1965 944 2025 A.
967 1960 996 2025 J.
1020 1959 1059 2025 G.
1084 1981 1144 2028 van
1169 1955 1312 2047 Anrooij,
1347 1956 1389 2022 de

268 2091 521 2162 hronohotomia.
547 2131 581 2144 -
625 2093 661 2160 L.
684 2093 714 2161 J.
741 2093 969 2182 Ruijssenaers,
1000 2091 1039 2158 de
1062 2090 1315 2159 coxarthrooaee.
1342 2127 1390 2142 -

266 2225 298 2291 S.
327 2225 452 2302 Horon,
483 2225 553 2293 hist.
578 2217 692 2294 inorhi-
706 2224 745 2292 de
769 2225 888 2293 hraehii
912 2227 1058 2315 extirpet.
1083 2261 1128 2274 --
1151 2224 1180 2290 J.
1203 2223 1233 2288 J.
1260 2222 1387 2299 Sontes,

266 2357 304 2424 de
328 2359 451 2426 constit.
477 2359 614 2426 hominis
638 2358 735 2428 indie.
760 2397 804 2410 --
826 2360 855 2424 «Ι.
880 2359 918 2425 G.
945 2359 984 2426 H.
1012 2355 1201 2436 Rombouts,
1227 2357 1266 2426 do
1287 2356 1384 2446 plant.

265 2490 433 2560 radicibus.
458 2529 502 2543 -
526 2498 564 2558 A.
591 2492 625 2557 F.
653 2513 712 2560 van
735 2493 850 2581 Lierop
875 2491 969 2570 Thi„
1006 2491 1044 2558 de
1068 2490 1250 2578 osrdiaigia.
1279 2528 1321 2542 -·-
1344 2490 1383 2556 P.

269 2643 327 2690 ean
359 2625 479 2701 Meum,
517 2623 557 2690 de
580 2615 642 2690 nat.
668 2624 811 2690 morbis
836 2623 1018 2714 Thucydide
1041 2625 1198 2713 descripti.
1225 2662 1266 2672 -
1290 2625 1319 2689 J.
1345 2627 1388 2688 A.

267 2755 478 2833 Scheliehens,
513 2756 552 2822 de
586 2755 742 2824 bronchit.
775 2766 856 2824 nont.
884 2795 928 2808 —
952 2761 989 2822 A.
1015 2751 1051 2823 P.
1077 2757 1134 2822 Ph.
1155 2757 1244 2834 ¹Kist,
1269 2755 1308 2822 de
1330 2777 1390 2822 ea-

266 2889 374 2956 tarrho
406 2889 505 2979 pnlm.
534 2889 643 2957 chron.
668 2929 711 2938 --
734 2890 763 2954 J.
788 2889 874 2966 Post,
895 2866 938 2954 'de
961 2889 1059 2975 signis
1082 2910 1123 2955 ex
1147 2888 1255 2974 lingua
1278 2897 1391 2976 peten-

268 3019 325 3087 dis.
350 3059 392 3070 --
416 3021 451 3086 C.
478 3021 531 3086 W.
556 3019 723 3109 Vollgraff,
749 3019 787 3087 do
810 3019 985 3110 phyalismo.
1011 3055 1055 3068 -·
1079 3019 1120 3084 fl.
1148 3019 1186 3084 N.
1211 3019 1388 3095 Freerieks,

267 3153 306 3221 de
328 3153 503 3220 scarlatina.
528 3191 572 3203 -·-
595 3153 624 3218 J.
649 3155 691 3218 A.
718 3149 892 3229 Ensehede,
919 3151 957 3217 de
980 3149 1118 3217 ohiorosi
1136 3151 1326 3239 ,puellarum
1343 3189 1391 3202 -·

267 3285 340 3352 Chr.
377 3297 422 3351 ter
458 3286 551 3370 Laag,
588 3285 710 3354 observ.
738 3321 780 3334 -
805 3284 848 3348 M.
885 3284 909 3348 Ι.
935 3283 1165 3356 Vorhonteren
1205 3283 1271 3348 ohs.
1304 3284 1390 3348 eirca

268 3417 484 3484 dentitionem.
499 3455 540 3467 —
553 3419 592 3482 A.
610 3416 645 3484 G.
662 3415 870 3490 Molensehot‚
891 3413 930 3480 de
941 3415 1170 3482 haematomesi.
1191 3454 1230 3462 -ι
1247 3415 1277 3479 J.
1291 3415 1387 3491 Reos,

267 3549 389 3616 observ.
414 3587 457 3598 —
486 3549 515 3614 J.
540 3548 645 3615 Smuts
675 3547 751 3624 ΘΜ,
768 3573 771 3576 ·
790 3548 828 3614 de
851 3547 999 3637 erysipei.
1022 3587 1065 3598 —
1089 3549 1119 3613 J.
1148 3552 1184 3612 A.
1210 3547 1292 3623 Fies,
1317 3546 1384 3612 ohs.

267 3691 364 3770 praet.
400 3719 444 3732 -
481 3681 520 3747 Μ.
557 3681 602 3748 Μ.
641 3680 784 3756 Damme,
821 3677 859 3745 de
882 3679 1021 3768 perinaei
1045 3686 1188 3767 ruptura.
1216 3715 1259 3730 --
1284 3679 1334 3745 Fr.
1359 3678 1391 3744 le

140 3869 142 3873 .
268 3813 370 3882 Sneur
392 3813 499 3891 Fteck,
525 3813 563 3880 de
586 3813 718 3880 Antonii
742 3811 1025 3879 heenwenhoeohii
1049 3811 1178 3877 meritis.
1217 3810 1313 3876 tssto.
1352 3810 1390 3876 8.

313 4080 402 4147 5555
447 4080 487 4147 o.
515 4081 551 4144 n.
577 4099 637 4147 van
660 4077 878 4164 orsensorgs,
913 4077 951 4142 55
977 4079 1020 4154 vs,
1045 4098 1141 4164 quam
1165 4075 1288 4164 opifico
1314 4033 1391 4140 nas.

267 4215 298 4278 in
330 4212 468 4301 phthisin
504 4211 602 4300 pntm.
627 4249 670 4262 --
704 4210 728 4275 G
767 4212 800 4274 E.
826 4209 996 4298 Heijnsins‚
1033 4210 1071 4275 de
1094 4209 1181 4274 sonis
1205 4206 1320 4274 cordis.
1346 4245 1392 4256 -

268 4346 302 4410 P.
328 4349 366 4410 A.
393 4367 452 4414 ven
479 4343 698 4430 Toorenhurg‚
727 4365 800 4409 ann.
826 4343 908 4410 oiroa
932 4341 1058 4409 seroiui.
1083 4339 1194 4407 iniant.
1220 4379 1263 4390 -
1288 4341 1329 4404 Μ.
1349 4345 1390 4406 A.

269 4475 489 4563 Roodenberg.
513 4484 643 4566 quast:
660 4484 768 4544 utrum
794 4473 926 4564 phthisis
947 4475 988 4541 sit
1004 4475 1198 4561 contagiosa,
1223 4493 1331 4560 neone.
1349 4512 1398 4526 ·-
