3076 5318
714 406 782 474 165

164 605 166 607 ’
188 622 229 688 P.
254 620 283 688 J.
307 621 347 688 H.
371 620 469 688 Jesse.
485 658 530 670 --
547 619 586 686 D.
609 619 683 688 Chr.
700 620 938 690 Nieuwenhuis.
955 659 998 672 «-
1015 626 1055 690 A.
1071 621 1110 688 N.
1127 623 1174 692 M.
1190 623 1250 690 Pit.
1268 663 1313 675 -

190 755 230 822 G.
261 753 291 822 J.
326 749 366 819 F.
392 733 440 820 (1.ἡ
458 751 697 842 Kneppelbout.
725 791 769 804 -
799 753 830 820 J.
856 757 896 820 A.
919 753 978 821 Th.
1004 752 1057 844 Sp.
1083 755 1243 824 Weiland.
1270 797 1315 806 -

192 886 234 954 P.
267 883 308 954 G.
342 893 393 951 ten
430 883 557 951 Zeldam
580 882 752 973 Genswijk.
778 921 823 936 -
847 883 878 951 S.
905 887 959 953 W.
984 885 1113 952 Perker.
1137 923 1182 940 --
1205 877 1246 955 J.
1262 889 1314 954 Fr.

193 1017 237 1083 H.
273 1037 333 1084 ven
370 1013 427 1080 der
458 1015 553 1082 Feltz.
587 1051 634 1066 -
665 1013 704 1081 G.
738 1016 769 1082 Ι.
806 1015 963 1083 Mounier.
987 1054 1032 1066 -
1055 1015 1086 1083 S.
1113 1016 1244 1086 Ekema.
1270 1058 1315 1070 -··

193 1145 232 1214 G.
270 1147 300 1214 J.
340 1147 476 1214 Fokker.
515 1184 559 1197 -
594 1148 633 1216 R.
667 1151 706 1216 A.
741 1147 946 1219 Kerkhoven.
976 1188 1020 1201 -
1046 1149 1082 1218 L.
1116 1151 1145 1217 J.
1182 1151 1248 1219 Vos
1277 1151 1315 1218 de

196 1278 302 1346 Wael.
335 1317 379 1330 —
409 1277 450 1346 G.
487 1278 525 1344 E.
559 1279 624 1348 Vos
657 1278 696 1346 de
728 1280 832 1346 Weel.
866 1317 911 1331 -—
947 1285 984 1347 A.
1012 1283 1057 1348 Μ.
1092 1282 1246 1351 Heimieh.
1277 1321 1316 1334 ·-

193 1411 234 1478 P.
265 1409 299 1478 G.
323 1410 440 1478 Visser.
464 1447 510 1460 -
534 1408 574 1479 G.
600 1411 629 1476 J.
656 1432 714 1478 ven
738 1409 795 1478 der
818 1411 918 1502 Looij.
944 1451 989 1466 -
1011 1414 1048 1479 L.
1070 1415 1117 1505 Tj.
1142 1436 1202 1484 ven
1226 1415 1315 1483 Star-

194 1540 372 1631 kenborgh.
398 1581 440 1592 -—
464 1542 494 1611 J.
531 1542 569 1610 U.
605 1541 644 1608 de
677 1541 884 1634 Kempeneer.
909 1583 953 1595 --
976 1544 1012 1610 P.
1036 1545 1094 1610 Th.
1118 1568 1178 1616 ven
1201 1547 1315 1614 Bream

196 1697 258 1743 ven
281 1673 355 1742 Son.
378 1711 424 1726 -
446 1673 481 1742 G.
506 1675 541 1740 B.
567 1675 607 1742 H.
631 1675 747 1764 Ptoijer.
772 1713 816 1728 --
840 1675 880 1742 H.
905 1674 944 1744 G.
967 1677 1094 1768 Tromp.
1113 1678 1211 1746 -G·.
1228 1678 1262 1746 C.
1277 1679 1315 1746 de

193 1808 317 1898 Bruyn.
342 1845 388 1860 -
411 1807 446 1874 P.
471 1805 506 1874 G.
528 1804 568 1874 G.
595 1807 696 1878 Kluit.
723 1847 768 1860 -
790 1807 830 1876 G.
854 1809 884 1875 J.
907 1809 1069 1878 Berkhoff.
1099 1851 1135 1860 -
1161 1811 1189 1876 J.
1214 1812 1254 1876 H.
1280 1813 1316 1878 P.

195 1961 258 2008 vro
281 1941 401 2008 Doorn.
449 1939 553 2006 1844.
600 1939 632 2008 8.

242 2206 331 2273 5505
378 2206 420 2273 H.
447 2205 644 2293 Engelberts.
680 2205 719 2273 de
742 2229 874 2274 success.
899 2208 933 2274 in
956 2229 1101 2294 regnum.
1127 2247 1171 2260 -
1195 2209 1237 2274 Μ.
1262 2208 1315 2276 des

193 2339 328 2405 Amorie
351 2360 411 2406 ven
434 2337 490 2405 der
513 2338 657 2418 Hoeven,
683 2337 721 2406 de
744 2338 848 2416 furtis,
872 2349 930 2406 etc.
955 2379 999 2390 -
1020 2339 1057 2405 P.
1082 2362 1144 2409 ven,
1161 2339 1314 2420 Outeren,

192 2469 312 2550 Quart
328 2511 373 2524 -
389 2476 428 2538 A.
444 2470 698 2562 Uyttenbooven‚
723 2471 762 2538 de
778 2473 910 2562 impons.
927 2493 945 2538 o
961 2493 1137 2562 possessore
1153 2471 1252 2540 foetis.
1271 2509 1316 2524 --

192 2603 235 2670 E.
262 2603 291 2669 1.
314 2603 407 2676 Lewe
431 2625 491 2674 van
514 2603 658 2682 Aduerd,
693 2603 841 2672 decens.
865 2605 1036 2694 praescript.
1059 2605 1246 2694 interrump.
1270 2644 1315 2658 --

193 2735 236 2802 E.
274 2734 312 2803 de
350 2737 438 2816 Man,
479 2735 542 2816 Et„
582 2735 622 2804 de
662 2735 797 2804 vindicte
836 2738 916 2827 priv.
957 2775 1002 2787 -
1040 2735 1070 2804 J.
1107 2736 1139 2804 J.
1174 2735 1215 2802 H.
1257 2757 1316 2803 van

194 2865 337 2946 neuen,
374 2867 413 2934 de
447 2869 562 2936 mensis
594 2868 635 2936 ed
664 2889 745 2937 serv.
779 2890 847 2958 pee.
879 2891 1008 2959 pauper.
1033 2869 1129 2936 instit.
1154 2905 1197 2918 -
1219 2866 1250 2933 J.
1275 2867 1315 2934 H.

123 3081 131 3087 Ι
194 2996 352 3088 Beeujon,
377 2998 415 3067 de
441 3021 504 3067 var.
526 2998 612 3067 mod.
629 2999 717 3090 quib.
735 3023 801 3068 var.
820 3009 914 3092 temp.
927 3001 981 3091 jus
997 3001 1080 3068 civit.
1098 3021 1177 3066 rom.
1195 2999 1317 3087 eoquiri

195 3137 265 3219 pot.
290 3169 333 3181 -
358 3131 393 3199 B.
427 3131 459 3200 J.
496 3132 533 3198 B.
570 3154 630 3201 ven
665 3131 856 3212 Sonsbeeek‚
892 3131 932 3200 de
964 3153 1096 3201 munere
1119 3130 1246 3222 judicis.
1271 3169 1315 3182 -

196 3267 240 3331 A.
265 3262 301 3330 Ρ.
329 3285 389 3331 ven
413 3262 469 3332 der
488 3263 625 3343 Merseh,
650 3263 689 3331 de
705 3273 855 3355 potestate
871 3265 985 3332 mariti.
1002 3303 1047 3316 —
1062 3263 1100 3332 G.
1117 3263 1146 3332 J.
1163 3263 1315 3342 Triebels,

195 3393 239 3462 de
261 3417 377 3466 mmm.
403 3395 464 3484 leg.
487 3397 521 3463 in
545 3419 606 3464 see.
631 3405 720 3486 nupt.
744 3433 787 3448 -
812 3395 841 3464 J.
866 3396 906 3464 G.
930 3397 964 3463 l..
987 3395 1112 3474 Sessori,
1148 3396 1186 3464 de
1209 3395 1316 3464 damni

194 3529 336 3595 resarcit
359 3565 405 3578 —
427 3525 467 3596 G.
491 3526 521 3594 J.
546 3525 682 3606 Drabbe,
707 3528 825 3608 Quest.
844 3565 889 3580 -
911 3527 942 3596 J.
963 3529 1002 3594 H.
1019 3527 1136 3605 tirone,
1163 3527 1201 3596 de
1217 3536 1316 3596 senat.

194 3658 331 3727 consult.
348 3669 379 3727 et
393 3669 492 3728 const.
509 3658 673 3728 Hadriani.
689 3697 734 3712 -
750 3659 788 3728 G.
801 3659 836 3730 G.
849 3660 983 3736 Becker,
1009 3660 1047 3726 de
1061 3673 1118 3728 rat.
1132 3682 1193 3748 qua
1206 3661 1316 3729 Rome

195 3799 258 3858 ete.
281 3829 326 3842 -
348 3789 389 3858 G.
408 3792 460 3859 Fr.
477 3790 611 3882 Dijkers‚
637 3790 675 3858 de
696 3800 934 3861 centenorum
951 3789 1158 3858 creditoribus
1181 3790 1251 3861 rell.
1269 3829 1315 3844 -

195 3921 235 3990 G.
262 3921 301 3991 G.
328 3921 518 4015 Opzoomer,
550 3922 588 3992 de
612 3933 675 3992 net.
701 3923 829 4011 obliget.
853 3963 897 4022 ᾗ·
921 3925 958 3993 B.
986 3946 1046 3992 van
1069 3923 1125 3992 der
1149 3923 1251 4003 Heek,
1277 3923 1315 3992 de

195 4057 345 4148 portione
367 4057 452 4144 legit.
478 4093 524 4109 -
546 4057 586 4124 R.
600 4056 631 4124 J.
649 4055 991 4146 Schimmeipenninek,
1015 4054 1053 4125 de
1063 4055 1136 4144 Jure
1151 4029 1252 4126 ieret.
1270 4094 1315 4110 -

197 4193 239 4254 A.
264 4211 324 4256 van
346 4187 540 4267 Akerleken,
564 4188 604 4257 de
624 4187 711 4276 dilig.
736 4188 811 4256 boni
826 4189 996 4280 petrisfem.
1013 4188 1045 4256 8.
1061 4226 1105 4239 -
1121 4189 1315 4268 Quaestiones

196 4321 252 4386 Fr.
269 4318 311 4391 G.
328 4320 358 4388 J.
374 4319 523 4388 lmmink.
540 4357 584 4372 -
600 4319 638 4388 G.
649 4319 678 4387 J.
693 4319 808 4388 lunius
823 4342 880 4389 van
894 4321 1034 4390 Hemert.
1048 4359 1091 4372 -
1105 4322 1131 4388 1.
1144 4322 1316 4411 Kappeyne

198 4473 263 4522 ven
287 4449 327 4518 de
356 4447 518 4544 Coppelle.
549 4488 595 4503 -
626 4451 668 4521 H.
702 4451 738 4518 E.
770 4450 915 4540 Huyssen
948 4473 1007 4521 van
1038 4451 1247 4542 Kattendijke.
1273 4487 1319 4504 -
