<?xml version="1.0" encoding="UTF-8"?>
<!DOCTYPE html PUBLIC "-//W3C//DTD XHTML 1.0 Transitional//EN"
    "http://www.w3.org/TR/xhtml1/DTD/xhtml1-transitional.dtd">
<html xmlns="http://www.w3.org/1999/xhtml" xml:lang="en" lang="en">
 <head>
  <title>
</title>
<meta http-equiv="Content-Type" content="text/html;charset=utf-8" />
  <meta name='ocr-system' content='tesseract 3.04.00' />
  <meta name='ocr-capabilities' content='ocr_page ocr_carea ocr_par ocr_line ocrx_word'/>
</head>
<body>
  <div class='ocr_page' id='page_1' title='image "./catalogusbiblio00netgoog_0180.png"; bbox 0 0 3076 5318; ppageno 0'>
   <div class='ocr_carea' id='block_1_1' title="bbox 628 419 696 487">
    <p class='ocr_par' dir='ltr' id='par_1_1' title="bbox 628 419 696 487">
     <span class='ocr_line' id='line_1_1' title="bbox 628 419 696 487; baseline 0 -1"><span class='ocrx_word' id='word_1_1' title='bbox 628 419 696 487; x_wconf 71' lang='grc'><strong>189</strong></span> 
     </span>
    </p>
   </div>
   <div class='ocr_carea' id='block_1_2' title="bbox 103 630 1222 2946">
    <p class='ocr_par' dir='ltr' id='par_1_2' title="bbox 103 630 1222 2946">
     <span class='ocr_line' id='line_1_2' title="bbox 108 630 1221 724; baseline 0.004 -26"><span class='ocrx_word' id='word_1_2' title='bbox 108 631 142 698; x_wconf 85' lang='lat' dir='ltr'><strong>de</strong></span> <span class='ocrx_word' id='word_1_3' title='bbox 163 633 252 699; x_wconf 91' lang='lat' dir='ltr'><strong>crim.</strong></span> <span class='ocrx_word' id='word_1_4' title='bbox 269 630 473 700; x_wconf 67' lang='lat' dir='ltr'><strong>stellionatus.</strong></span> <span class='ocrx_word' id='word_1_5' title='bbox 490 669 536 684; x_wconf 91' lang='lat'><em>-</em></span> <span class='ocrx_word' id='word_1_6' title='bbox 550 635 591 700; x_wconf 89' lang='lat' dir='ltr'><strong>A.</strong></span> <span class='ocrx_word' id='word_1_7' title='bbox 607 633 652 701; x_wconf 83' lang='grc' dir='ltr'><strong>Μ.</strong></span> <span class='ocrx_word' id='word_1_8' title='bbox 668 632 708 704; x_wconf 88' lang='lat' dir='ltr'><strong>G.</strong></span> <span class='ocrx_word' id='word_1_9' title='bbox 727 631 900 713; x_wconf 87' lang='lat' dir='ltr'><strong>Smniders‚</strong></span> <span class='ocrx_word' id='word_1_10' title='bbox 918 631 958 701; x_wconf 83' lang='lat' dir='ltr'><strong>ad</strong></span> <span class='ocrx_word' id='word_1_11' title='bbox 973 631 1059 702; x_wconf 83' lang='lat' dir='ltr'><strong>libr.</strong></span> <span class='ocrx_word' id='word_1_12' title='bbox 1076 636 1221 724; x_wconf 88' lang='lat' dir='ltr'><strong>quintum</strong></span> 
     </span>
     <span class='ocr_line' id='line_1_3' title="bbox 107 763 1222 854; baseline 0.004 -24"><span class='ocrx_word' id='word_1_13' title='bbox 107 785 241 854; x_wconf 82' lang='lat' dir='ltr'><strong>respons.</strong></span> <span class='ocrx_word' id='word_1_14' title='bbox 265 763 420 832; x_wconf 77' lang='lat' dir='ltr'><strong>Seevotae.</strong></span> <span class='ocrx_word' id='word_1_15' title='bbox 437 801 481 814; x_wconf 86' lang='lat'><em>-</em></span> <span class='ocrx_word' id='word_1_16' title='bbox 502 768 581 832; x_wconf 89' lang='lat' dir='ltr'><strong>Aru.</strong></span> <span class='ocrx_word' id='word_1_17' title='bbox 598 764 667 844; x_wconf 83' lang='lat' dir='ltr'><strong>six,</strong></span> <span class='ocrx_word' id='word_1_18' title='bbox 691 765 731 833; x_wconf 85' lang='lat' dir='ltr'><strong>de</strong></span> <span class='ocrx_word' id='word_1_19' title='bbox 750 788 860 834; x_wconf 90' lang='lat' dir='ltr'><strong>errore</strong></span> <span class='ocrx_word' id='word_1_20' title='bbox 876 765 949 833; x_wconf 84' lang='lat' dir='ltr'><strong>iacti</strong></span> <span class='ocrx_word' id='word_1_21' title='bbox 965 767 998 834; x_wconf 94' lang='lat' dir='ltr'><strong>in</strong></span> <span class='ocrx_word' id='word_1_22' title='bbox 1014 766 1076 834; x_wconf 86' lang='lat' dir='ltr'><strong>dei.</strong></span> <span class='ocrx_word' id='word_1_23' title='bbox 1092 766 1157 836; x_wconf 85' lang='lat' dir='ltr'><strong>dol.</strong></span> <span class='ocrx_word' id='word_1_24' title='bbox 1175 805 1222 822; x_wconf 89' lang='lat'>-</span> 
     </span>
     <span class='ocr_line' id='line_1_4' title="bbox 107 894 1215 988; baseline 0.005 -26"><span class='ocrx_word' id='word_1_25' title='bbox 107 894 140 962; x_wconf 87' lang='lat' dir='ltr'><strong>G.</strong></span> <span class='ocrx_word' id='word_1_26' title='bbox 163 896 202 962; x_wconf 91' lang='grc' dir='ltr'><strong>Η.</strong></span> <span class='ocrx_word' id='word_1_27' title='bbox 230 894 366 974; x_wconf 82' lang='lat' dir='ltr'><strong>Bullert,</strong></span> <span class='ocrx_word' id='word_1_28' title='bbox 391 894 431 962; x_wconf 90' lang='lat' dir='ltr'><strong>de</strong></span> <span class='ocrx_word' id='word_1_29' title='bbox 453 895 616 986; x_wconf 82' lang='lat' dir='ltr'><strong>pollicitat.</strong></span> <span class='ocrx_word' id='word_1_30' title='bbox 640 935 684 948; x_wconf 91' lang='grc'><strong>-</strong></span> <span class='ocrx_word' id='word_1_31' title='bbox 709 897 745 962; x_wconf 91' lang='grc' dir='ltr'><strong>Ε.</strong></span> <span class='ocrx_word' id='word_1_32' title='bbox 771 897 801 962; x_wconf 83' lang='lat' dir='ltr'><strong>J.</strong></span> <span class='ocrx_word' id='word_1_33' title='bbox 828 896 922 968; x_wconf 84' lang='lat' dir='ltr'><strong>Lcwc</strong></span> <span class='ocrx_word' id='word_1_34' title='bbox 946 919 1006 967; x_wconf 83' lang='lat' dir='ltr'><strong>ran</strong></span> <span class='ocrx_word' id='word_1_35' title='bbox 1031 898 1215 988; x_wconf 79' lang='lat' dir='ltr'><strong>Nyenstein‚</strong></span> 
     </span>
     <span class='ocr_line' id='line_1_5' title="bbox 106 1026 1220 1115; baseline 0.004 -22"><span class='ocrx_word' id='word_1_36' title='bbox 106 1026 141 1093; x_wconf 82' lang='lat' dir='ltr'><strong>ati</strong></span> <span class='ocrx_word' id='word_1_37' title='bbox 162 1028 209 1097; x_wconf 90' lang='lat' dir='ltr'><strong>tit.</strong></span> <span class='ocrx_word' id='word_1_38' title='bbox 234 1027 345 1115; x_wconf 81' lang='lat' dir='ltr'><strong>digest.</strong></span> <span class='ocrx_word' id='word_1_39' title='bbox 363 1037 421 1096; x_wconf 89' lang='lat' dir='ltr'><strong>etc.</strong></span> <span class='ocrx_word' id='word_1_40' title='bbox 438 1065 483 1080; x_wconf 90' lang='lat'>-</span> <span class='ocrx_word' id='word_1_41' title='bbox 498 1027 533 1096; x_wconf 86' lang='lat' dir='ltr'><strong>C.</strong></span> <span class='ocrx_word' id='word_1_42' title='bbox 550 1030 587 1096; x_wconf 92' lang='lat' dir='ltr'><strong>B.</strong></span> <span class='ocrx_word' id='word_1_43' title='bbox 606 1029 822 1108; x_wconf 75' lang='lat' dir='ltr'><strong>Labouohere,</strong></span> <span class='ocrx_word' id='word_1_44' title='bbox 848 1028 888 1097; x_wconf 84' lang='lat' dir='ltr'><strong>ad</strong></span> <span class='ocrx_word' id='word_1_45' title='bbox 904 1029 964 1097; x_wconf 90' lang='lat' dir='ltr'><strong>loc.</strong></span> <span class='ocrx_word' id='word_1_46' title='bbox 982 1029 1085 1097; x_wconf 90' lang='lat' dir='ltr'><strong>Grotii</strong></span> <span class='ocrx_word' id='word_1_47' title='bbox 1101 1040 1160 1098; x_wconf 90' lang='lat' dir='ltr'><strong>etc.</strong></span> <span class='ocrx_word' id='word_1_48' title='bbox 1175 1068 1220 1082; x_wconf 90' lang='grc'>-</span> 
     </span>
     <span class='ocr_line' id='line_1_6' title="bbox 106 1159 1218 1250; baseline 0.003 -24"><span class='ocrx_word' id='word_1_49' title='bbox 106 1165 140 1226; x_wconf 91' lang='lat' dir='ltr'><strong>A.</strong></span> <span class='ocrx_word' id='word_1_50' title='bbox 162 1160 199 1226; x_wconf 86' lang='lat' dir='ltr'><strong>n.</strong></span> <span class='ocrx_word' id='word_1_51' title='bbox 222 1160 342 1239; x_wconf 81' lang='lat' dir='ltr'><strong>Vieser‚</strong></span> <span class='ocrx_word' id='word_1_52' title='bbox 377 1159 417 1227; x_wconf 84' lang='lat' dir='ltr'><strong>de</strong></span> <span class='ocrx_word' id='word_1_53' title='bbox 446 1160 523 1226; x_wconf 86' lang='lat' dir='ltr'><strong>Jure</strong></span> <span class='ocrx_word' id='word_1_54' title='bbox 547 1159 694 1230; x_wconf 80' lang='lat' dir='ltr'><strong>venandi.</strong></span> <span class='ocrx_word' id='word_1_55' title='bbox 727 1197 771 1210; x_wconf 93' lang='lat'>-</span> <span class='ocrx_word' id='word_1_56' title='bbox 806 1160 842 1226; x_wconf 92' lang='lat' dir='ltr'><strong>B.</strong></span> <span class='ocrx_word' id='word_1_57' title='bbox 867 1160 908 1226; x_wconf 87' lang='grc' dir='ltr'><strong>Η.</strong></span> <span class='ocrx_word' id='word_1_58' title='bbox 935 1159 988 1229; x_wconf 89' lang='lat' dir='ltr'><strong>Fr.</strong></span> <span class='ocrx_word' id='word_1_59' title='bbox 1015 1161 1218 1250; x_wconf 78' lang='lat' dir='ltr'><strong>Bnntringer,</strong></span> 
     </span>
     <span class='ocr_line' id='line_1_7' title="bbox 105 1290 1219 1381; baseline 0.002 -23"><span class='ocrx_word' id='word_1_60' title='bbox 105 1290 141 1358; x_wconf 85' lang='lat' dir='ltr'><strong>de</strong></span> <span class='ocrx_word' id='word_1_61' title='bbox 171 1291 267 1360; x_wconf 85' lang='lat' dir='ltr'><strong>tutela</strong></span> <span class='ocrx_word' id='word_1_62' title='bbox 300 1291 414 1363; x_wconf 81' lang='lat' dir='ltr'><strong>dativa.</strong></span> <span class='ocrx_word' id='word_1_63' title='bbox 446 1329 491 1342; x_wconf 94' lang='lat'><em>-</em></span> <span class='ocrx_word' id='word_1_64' title='bbox 519 1293 566 1381; x_wconf 87' lang='lat' dir='ltr'><strong>Tj.</strong></span> <span class='ocrx_word' id='word_1_65' title='bbox 589 1291 719 1370; x_wconf 86' lang='lat' dir='ltr'>Mulier,</span> <span class='ocrx_word' id='word_1_66' title='bbox 751 1291 791 1358; x_wconf 83' lang='lat' dir='ltr'><strong>de</strong></span> <span class='ocrx_word' id='word_1_67' title='bbox 814 1300 952 1360; x_wconf 83' lang='lat' dir='ltr'><strong>exsecat.</strong></span> <span class='ocrx_word' id='word_1_68' title='bbox 977 1300 1151 1360; x_wconf 88' lang='lat' dir='ltr'><strong>testament.</strong></span> <span class='ocrx_word' id='word_1_69' title='bbox 1174 1331 1219 1344; x_wconf 94' lang='lat'>-</span> 
     </span>
     <span class='ocr_line' id='line_1_8' title="bbox 104 1422 1219 1513; baseline 0 -23"><span class='ocrx_word' id='word_1_70' title='bbox 104 1424 132 1494; x_wconf 87' lang='lat' dir='ltr'><strong>J.</strong></span> <span class='ocrx_word' id='word_1_71' title='bbox 156 1424 193 1492; x_wconf 88' lang='lat' dir='ltr'><strong>de</strong></span> <span class='ocrx_word' id='word_1_72' title='bbox 222 1424 295 1491; x_wconf 86' lang='lat' dir='ltr'><strong>Wai</strong></span> <span class='ocrx_word' id='word_1_73' title='bbox 318 1423 360 1492; x_wconf 88' lang='grc' dir='ltr'><strong>Η.</strong></span> <span class='ocrx_word' id='word_1_74' title='bbox 386 1422 422 1503; x_wconf 75' lang='lat' dir='ltr'><strong>i..</strong></span> <span class='ocrx_word' id='word_1_75' title='bbox 447 1422 486 1490; x_wconf 89' lang='lat' dir='ltr'><strong>de</strong></span> <span class='ocrx_word' id='word_1_76' title='bbox 509 1422 643 1512; x_wconf 80' lang='lat' dir='ltr'>Except,</span> <span class='ocrx_word' id='word_1_77' title='bbox 664 1423 729 1513; x_wconf 81' lang='lat' dir='ltr'><strong>jur.</strong></span> <span class='ocrx_word' id='word_1_78' title='bbox 754 1424 814 1493; x_wconf 83' lang='lat' dir='ltr'><strong>civ.</strong></span> <span class='ocrx_word' id='word_1_79' title='bbox 841 1423 914 1490; x_wconf 88' lang='lat' dir='ltr'><strong>hod.</strong></span> <span class='ocrx_word' id='word_1_80' title='bbox 938 1460 984 1476; x_wconf 90' lang='lat'><strong>·-</strong></span> <span class='ocrx_word' id='word_1_81' title='bbox 1006 1428 1045 1490; x_wconf 96' lang='lat' dir='ltr'><strong>A.</strong></span> <span class='ocrx_word' id='word_1_82' title='bbox 1071 1425 1112 1492; x_wconf 90' lang='grc' dir='ltr'><strong>Ν.</strong></span> <span class='ocrx_word' id='word_1_83' title='bbox 1131 1425 1219 1491; x_wconf 84' lang='lat' dir='ltr'><strong>Rict-</strong></span> 
     </span>
     <span class='ocr_line' id='line_1_9' title="bbox 104 1553 1218 1633; baseline -0.003 -8"><span class='ocrx_word' id='word_1_84' title='bbox 104 1555 169 1625; x_wconf 81' lang='lat' dir='ltr'><strong>reld</strong></span> <span class='ocrx_word' id='word_1_85' title='bbox 193 1578 253 1625; x_wconf 86' lang='lat' dir='ltr'><strong>van</strong></span> <span class='ocrx_word' id='word_1_86' title='bbox 277 1555 333 1623; x_wconf 86' lang='lat' dir='ltr'><strong>tier</strong></span> <span class='ocrx_word' id='word_1_87' title='bbox 354 1555 451 1633; x_wconf 88' lang='lat' dir='ltr'><strong>Feen,</strong></span> <span class='ocrx_word' id='word_1_88' title='bbox 476 1553 516 1621; x_wconf 88' lang='lat' dir='ltr'><strong>de</strong></span> <span class='ocrx_word' id='word_1_89' title='bbox 539 1553 653 1622; x_wconf 87' lang='lat' dir='ltr'><strong>Societ.</strong></span> <span class='ocrx_word' id='word_1_90' title='bbox 682 1555 812 1622; x_wconf 81' lang='lat' dir='ltr'><strong>exercit.</strong></span> <span class='ocrx_word' id='word_1_91' title='bbox 839 1564 957 1624; x_wconf 89' lang='lat' dir='ltr'><strong>actore.</strong></span> <span class='ocrx_word' id='word_1_92' title='bbox 986 1593 1028 1609; x_wconf 89' lang='lat'>-</span> <span class='ocrx_word' id='word_1_93' title='bbox 1057 1555 1096 1624; x_wconf 87' lang='lat' dir='ltr'><strong>G.</strong></span> <span class='ocrx_word' id='word_1_94' title='bbox 1124 1555 1155 1622; x_wconf 86' lang='lat' dir='ltr'><strong>J.</strong></span> <span class='ocrx_word' id='word_1_95' title='bbox 1179 1555 1218 1624; x_wconf 89' lang='lat' dir='ltr'><strong>G.</strong></span> 
     </span>
     <span class='ocr_line' id='line_1_10' title="bbox 105 1685 1219 1779; baseline 0.002 -25"><span class='ocrx_word' id='word_1_96' title='bbox 105 1688 264 1766; x_wconf 79' lang='lat' dir='ltr'><strong>wiselius,</strong></span> <span class='ocrx_word' id='word_1_97' title='bbox 302 1687 341 1755; x_wconf 90' lang='lat' dir='ltr'><strong>de</strong></span> <span class='ocrx_word' id='word_1_98' title='bbox 373 1689 448 1779; x_wconf 88' lang='lat' dir='ltr'><strong>jure</strong></span> <span class='ocrx_word' id='word_1_99' title='bbox 486 1685 617 1756; x_wconf 87' lang='lat' dir='ltr'><strong>deliber.</strong></span> <span class='ocrx_word' id='word_1_100' title='bbox 645 1695 703 1756; x_wconf 91' lang='lat' dir='ltr'><strong>etc.</strong></span> <span class='ocrx_word' id='word_1_101' title='bbox 744 1725 789 1738; x_wconf 91' lang='lat'><em>-</em></span> <span class='ocrx_word' id='word_1_102' title='bbox 811 1687 856 1754; x_wconf 77' lang='lat' dir='ltr'><strong>is.</strong></span> <span class='ocrx_word' id='word_1_103' title='bbox 878 1685 1005 1766; x_wconf 84' lang='lat' dir='ltr'><strong>Thooit,</strong></span> <span class='ocrx_word' id='word_1_104' title='bbox 1039 1687 1079 1756; x_wconf 86' lang='lat' dir='ltr'><strong>de</strong></span> <span class='ocrx_word' id='word_1_105' title='bbox 1103 1709 1219 1776; x_wconf 80' lang='lat' dir='ltr'><strong>magno</strong></span> 
     </span>
     <span class='ocr_line' id='line_1_11' title="bbox 104 1817 1220 1909; baseline 0.001 -21"><span class='ocrx_word' id='word_1_106' title='bbox 104 1819 239 1888; x_wconf 82' lang='lat' dir='ltr'><strong>Concilio</strong></span> <span class='ocrx_word' id='word_1_107' title='bbox 251 1842 326 1888; x_wconf 89' lang='lat' dir='ltr'><strong>ann.</strong></span> <span class='ocrx_word' id='word_1_108' title='bbox 341 1819 441 1886; x_wconf 73' lang='lat' dir='ltr'><strong>tour.</strong></span> <span class='ocrx_word' id='word_1_109' title='bbox 461 1857 506 1870; x_wconf 83' lang='lat'><strong>-·</strong></span> <span class='ocrx_word' id='word_1_110' title='bbox 522 1818 551 1884; x_wconf 83' lang='lat' dir='ltr'><strong>J.</strong></span> <span class='ocrx_word' id='word_1_111' title='bbox 568 1818 606 1885; x_wconf 88' lang='lat' dir='ltr'><strong>D.</strong></span> <span class='ocrx_word' id='word_1_112' title='bbox 622 1817 764 1909; x_wconf 79' lang='lat' dir='ltr'><strong>Taunuy,</strong></span> <span class='ocrx_word' id='word_1_113' title='bbox 781 1817 821 1888; x_wconf 84' lang='lat' dir='ltr'><strong>dc</strong></span> <span class='ocrx_word' id='word_1_114' title='bbox 837 1817 947 1888; x_wconf 84' lang='lat' dir='ltr'><strong>tribut.</strong></span> <span class='ocrx_word' id='word_1_115' title='bbox 964 1821 999 1887; x_wconf 90' lang='lat' dir='ltr'><strong>in</strong></span> <span class='ocrx_word' id='word_1_116' title='bbox 1013 1817 1079 1888; x_wconf 91' lang='lat' dir='ltr'><strong>red.</strong></span> <span class='ocrx_word' id='word_1_117' title='bbox 1093 1819 1220 1890; x_wconf 82' lang='lat' dir='ltr'><strong>directis</strong></span> 
     </span>
     <span class='ocr_line' id='line_1_12' title="bbox 103 1951 1220 2040; baseline 0.002 -21"><span class='ocrx_word' id='word_1_118' title='bbox 103 1961 157 2019; x_wconf 88' lang='lat' dir='ltr'><strong>etc.</strong></span> <span class='ocrx_word' id='word_1_119' title='bbox 172 1989 215 2004; x_wconf 93' lang='lat'><em>-</em></span> <span class='ocrx_word' id='word_1_120' title='bbox 233 1952 270 2018; x_wconf 89' lang='grc' dir='ltr'><strong>Ε.</strong></span> <span class='ocrx_word' id='word_1_121' title='bbox 299 1952 335 2018; x_wconf 84' lang='lat' dir='ltr'><strong>L.</strong></span> <span class='ocrx_word' id='word_1_122' title='bbox 366 1952 396 2019; x_wconf 83' lang='lat' dir='ltr'><strong>J.</strong></span> <span class='ocrx_word' id='word_1_123' title='bbox 420 1952 577 2040; x_wconf 81' lang='lat' dir='ltr'><strong>Vitriuga,</strong></span> <span class='ocrx_word' id='word_1_124' title='bbox 602 1951 719 2032; x_wconf 81' lang='lat' dir='ltr'><strong>Quaest.</strong></span> <span class='ocrx_word' id='word_1_125' title='bbox 743 1989 788 2004; x_wconf 90' lang='lat'><strong>·—</strong></span> <span class='ocrx_word' id='word_1_126' title='bbox 810 1952 845 2018; x_wconf 95' lang='lat' dir='ltr'><strong>F.</strong></span> <span class='ocrx_word' id='word_1_127' title='bbox 870 1951 907 2020; x_wconf 91' lang='lat' dir='ltr'><strong>F.</strong></span> <span class='ocrx_word' id='word_1_128' title='bbox 933 1951 1145 2033; x_wconf 85' lang='lat' dir='ltr'><strong>Karseboom,</strong></span> <span class='ocrx_word' id='word_1_129' title='bbox 1180 1952 1220 2021; x_wconf 79' lang='lat' dir='ltr'><strong>de</strong></span> 
     </span>
     <span class='ocr_line' id='line_1_13' title="bbox 103 2081 1220 2179; baseline 0.005 -29"><span class='ocrx_word' id='word_1_130' title='bbox 103 2087 226 2155; x_wconf 81' lang='lat' dir='ltr'><strong>navium</strong></span> <span class='ocrx_word' id='word_1_131' title='bbox 250 2085 366 2152; x_wconf 83' lang='lat' dir='ltr'><strong>dotent.</strong></span> <span class='ocrx_word' id='word_1_132' title='bbox 380 2122 425 2136; x_wconf 91' lang='grc'>-</span> <span class='ocrx_word' id='word_1_133' title='bbox 439 2083 482 2150; x_wconf 91' lang='grc' dir='ltr'><strong>Η.</strong></span> <span class='ocrx_word' id='word_1_134' title='bbox 498 2081 655 2151; x_wconf 84' lang='lat' dir='ltr'><strong>Ganirrien</strong></span> <span class='ocrx_word' id='word_1_135' title='bbox 671 2084 735 2163; x_wconf 83' lang='lat' dir='ltr'><strong>Jr.,</strong></span> <span class='ocrx_word' id='word_1_136' title='bbox 760 2083 799 2152; x_wconf 81' lang='lat' dir='ltr'><strong>de</strong></span> <span class='ocrx_word' id='word_1_137' title='bbox 815 2085 906 2154; x_wconf 87' lang='lat' dir='ltr'><strong>Ludo</strong></span> <span class='ocrx_word' id='word_1_138' title='bbox 922 2094 953 2153; x_wconf 86' lang='lat' dir='ltr'><strong>et</strong></span> <span class='ocrx_word' id='word_1_139' title='bbox 967 2085 1155 2179; x_wconf 84' lang='lat' dir='ltr'><strong>Sponsione.</strong></span> <span class='ocrx_word' id='word_1_140' title='bbox 1174 2125 1220 2142; x_wconf 92' lang='lat'><em>-</em></span> 
     </span>
     <span class='ocr_line' id='line_1_14' title="bbox 103 2214 1219 2309; baseline 0.003 -25"><span class='ocrx_word' id='word_1_141' title='bbox 103 2218 142 2284; x_wconf 85' lang='grc' dir='ltr'><strong>Μ.</strong></span> <span class='ocrx_word' id='word_1_142' title='bbox 170 2215 388 2288; x_wconf 84' lang='lat' dir='ltr'><strong>Schoenereld</strong></span> <span class='ocrx_word' id='word_1_143' title='bbox 414 2216 450 2283; x_wconf 87' lang='lat' dir='ltr'><strong>P.</strong></span> <span class='ocrx_word' id='word_1_144' title='bbox 474 2214 504 2283; x_wconf 83' lang='lat' dir='ltr'><strong>J.</strong></span> <span class='ocrx_word' id='word_1_145' title='bbox 528 2214 564 2295; x_wconf 80' lang='lat' dir='ltr'><strong>i..</strong></span> <span class='ocrx_word' id='word_1_146' title='bbox 590 2215 629 2284; x_wconf 88' lang='lat' dir='ltr'><strong>de</strong></span> <span class='ocrx_word' id='word_1_147' title='bbox 651 2217 829 2286; x_wconf 78' lang='lat' dir='ltr'><strong>actionibus</strong></span> <span class='ocrx_word' id='word_1_148' title='bbox 852 2239 1021 2309; x_wconf 79' lang='lat' dir='ltr'><strong>possessor.</strong></span> <span class='ocrx_word' id='word_1_149' title='bbox 1048 2257 1093 2272; x_wconf 91' lang='lat'><strong>-·</strong></span> <span class='ocrx_word' id='word_1_150' title='bbox 1116 2224 1156 2287; x_wconf 84' lang='lat' dir='ltr'><strong>A.</strong></span> <span class='ocrx_word' id='word_1_151' title='bbox 1180 2221 1219 2286; x_wconf 89' lang='grc' dir='ltr'><strong>Ε.</strong></span> 
     </span>
     <span class='ocr_line' id='line_1_15' title="bbox 106 2347 1216 2440; baseline 0.002 -21"><span class='ocrx_word' id='word_1_152' title='bbox 106 2371 161 2419; x_wconf 87' lang='lat' dir='ltr'><strong>ran</strong></span> <span class='ocrx_word' id='word_1_153' title='bbox 195 2349 366 2429; x_wconf 84' lang='lat' dir='ltr'><strong>Dishoeok,</strong></span> <span class='ocrx_word' id='word_1_154' title='bbox 398 2348 437 2417; x_wconf 88' lang='lat' dir='ltr'><strong>de</strong></span> <span class='ocrx_word' id='word_1_155' title='bbox 466 2347 628 2417; x_wconf 85' lang='lat' dir='ltr'><strong>hereditat.</strong></span> <span class='ocrx_word' id='word_1_156' title='bbox 661 2351 750 2440; x_wconf 89' lang='lat' dir='ltr'><strong>petit.</strong></span> <span class='ocrx_word' id='word_1_157' title='bbox 783 2389 828 2401; x_wconf 88' lang='lat'>—</span> <span class='ocrx_word' id='word_1_158' title='bbox 863 2351 903 2418; x_wconf 92' lang='grc' dir='ltr'><strong>Η.</strong></span> <span class='ocrx_word' id='word_1_159' title='bbox 935 2351 966 2419; x_wconf 83' lang='grc' dir='ltr'><strong>Ι1.</strong></span> <span class='ocrx_word' id='word_1_160' title='bbox 1006 2350 1047 2420; x_wconf 88' lang='grc' dir='ltr'><strong>Ο.</strong></span> <span class='ocrx_word' id='word_1_161' title='bbox 1086 2351 1122 2420; x_wconf 87' lang='lat' dir='ltr'><strong>G.</strong></span> <span class='ocrx_word' id='word_1_162' title='bbox 1156 2352 1216 2421; x_wconf 86' lang='lat' dir='ltr'><strong>Th.</strong></span> 
     </span>
     <span class='ocr_line' id='line_1_16' title="bbox 104 2481 1218 2574; baseline 0.002 -27"><span class='ocrx_word' id='word_1_163' title='bbox 104 2481 230 2550; x_wconf 83' lang='lat' dir='ltr'><strong>Haofort</strong></span> <span class='ocrx_word' id='word_1_164' title='bbox 254 2492 300 2551; x_wconf 94' lang='lat' dir='ltr'><strong>tot</strong></span> <span class='ocrx_word' id='word_1_165' title='bbox 322 2493 370 2550; x_wconf 88' lang='lat' dir='ltr'><strong>ter</strong></span> <span class='ocrx_word' id='word_1_166' title='bbox 392 2481 501 2560; x_wconf 81' lang='lat' dir='ltr'><strong>lieret,</strong></span> <span class='ocrx_word' id='word_1_167' title='bbox 525 2481 564 2549; x_wconf 87' lang='lat' dir='ltr'><strong>de</strong></span> <span class='ocrx_word' id='word_1_168' title='bbox 586 2489 706 2550; x_wconf 88' lang='lat' dir='ltr'><strong>testem.</strong></span> <span class='ocrx_word' id='word_1_169' title='bbox 730 2484 871 2574; x_wconf 73' lang='lat' dir='ltr'><strong>mystico.</strong></span> <span class='ocrx_word' id='word_1_170' title='bbox 887 2521 932 2534; x_wconf 90' lang='grc'>-</span> <span class='ocrx_word' id='word_1_171' title='bbox 955 2483 990 2548; x_wconf 92' lang='grc' dir='ltr'><strong>Ρ.</strong></span> <span class='ocrx_word' id='word_1_172' title='bbox 1004 2482 1035 2549; x_wconf 81' lang='lat' dir='ltr'><strong>J.</strong></span> <span class='ocrx_word' id='word_1_173' title='bbox 1052 2481 1218 2571; x_wconf 80' lang='lat' dir='ltr'><strong>Suringar,</strong></span> 
     </span>
     <span class='ocr_line' id='line_1_17' title="bbox 103 2611 1220 2704; baseline 0.004 -25"><span class='ocrx_word' id='word_1_174' title='bbox 103 2611 138 2681; x_wconf 84' lang='lat' dir='ltr'><strong>de</strong></span> <span class='ocrx_word' id='word_1_175' title='bbox 159 2617 257 2682; x_wconf 88' lang='lat' dir='ltr'><strong>Arrio</strong></span> <span class='ocrx_word' id='word_1_176' title='bbox 280 2613 466 2682; x_wconf 85' lang='lat' dir='ltr'><strong>Menandro.</strong></span> <span class='ocrx_word' id='word_1_177' title='bbox 489 2653 533 2666; x_wconf 90' lang='lat'>-</span> <span class='ocrx_word' id='word_1_178' title='bbox 560 2613 598 2680; x_wconf 85' lang='lat' dir='ltr'><strong>D.</strong></span> <span class='ocrx_word' id='word_1_179' title='bbox 628 2615 764 2702; x_wconf 80' lang='lat' dir='ltr'><strong>Rutgers</strong></span> <span class='ocrx_word' id='word_1_180' title='bbox 791 2638 852 2686; x_wconf 84' lang='lat' dir='ltr'><strong>van</strong></span> <span class='ocrx_word' id='word_1_181' title='bbox 878 2613 1068 2704; x_wconf 78' lang='lat' dir='ltr'><strong>Rozenburg</strong></span> <span class='ocrx_word' id='word_1_182' title='bbox 1093 2615 1154 2694; x_wconf 66' lang='lat' dir='ltr'><strong>ir„</strong></span> <span class='ocrx_word' id='word_1_183' title='bbox 1180 2615 1220 2684; x_wconf 88' lang='lat' dir='ltr'><strong>de</strong></span> 
     </span>
     <span class='ocr_line' id='line_1_18' title="bbox 103 2745 1220 2836; baseline 0.003 -25"><span class='ocrx_word' id='word_1_184' title='bbox 103 2745 214 2814; x_wconf 87' lang='lat' dir='ltr'><strong>condit.</strong></span> <span class='ocrx_word' id='word_1_185' title='bbox 252 2757 284 2814; x_wconf 90' lang='lat' dir='ltr'><strong>et</strong></span> <span class='ocrx_word' id='word_1_186' title='bbox 311 2745 409 2836; x_wconf 89' lang='lat' dir='ltr'><strong>jurib.</strong></span> <span class='ocrx_word' id='word_1_187' title='bbox 442 2767 603 2835; x_wconf 77' lang='lat' dir='ltr'><strong>agrorum.</strong></span> <span class='ocrx_word' id='word_1_188' title='bbox 629 2783 673 2797; x_wconf 93' lang='lat'><em>-</em></span> <span class='ocrx_word' id='word_1_189' title='bbox 700 2747 746 2815; x_wconf 88' lang='lat' dir='ltr'><strong>M.</strong></span> <span class='ocrx_word' id='word_1_190' title='bbox 775 2747 818 2815; x_wconf 91' lang='grc' dir='ltr'><strong>Η.</strong></span> <span class='ocrx_word' id='word_1_191' title='bbox 842 2747 866 2814; x_wconf 89' lang='lat' dir='ltr'><strong>s’</strong></span> <span class='ocrx_word' id='word_1_192' title='bbox 891 2745 1002 2827; x_wconf 81' lang='lat' dir='ltr'><strong>Jacob,</strong></span> <span class='ocrx_word' id='word_1_193' title='bbox 1038 2747 1078 2814; x_wconf 86' lang='lat' dir='ltr'><strong>ad</strong></span> <span class='ocrx_word' id='word_1_194' title='bbox 1103 2748 1150 2815; x_wconf 91' lang='lat' dir='ltr'><strong>tit.</strong></span> <span class='ocrx_word' id='word_1_195' title='bbox 1174 2748 1220 2814; x_wconf 70' lang='lat'><strong>22</strong></span> 
     </span>
     <span class='ocr_line' id='line_1_19' title="bbox 103 2876 398 2946; baseline 0.003 -2"><span class='ocrx_word' id='word_1_196' title='bbox 103 2876 169 2944; x_wconf 80' lang='lat' dir='ltr'><strong>cot.</strong></span> <span class='ocrx_word' id='word_1_197' title='bbox 215 2879 317 2946; x_wconf 78' lang='grc'><strong>1840.</strong></span> <span class='ocrx_word' id='word_1_198' title='bbox 366 2879 398 2945; x_wconf 89' lang='grc'><strong>8.</strong></span> 
     </span>
    </p>
   </div>
   <div class='ocr_carea' id='block_1_3' title="bbox 144 3121 1218 3233">
    <p class='ocr_par' dir='ltr' id='par_1_3' title="bbox 144 3121 1218 3233">
     <span class='ocr_line' id='line_1_20' title="bbox 144 3121 1218 3233; baseline 0.003 -25"><span class='ocrx_word' id='word_1_199' title='bbox 144 3121 240 3208; x_wconf 67' lang='lat'><strong>5295</strong></span> <span class='ocrx_word' id='word_1_200' title='bbox 282 3141 320 3210; x_wconf 89' lang='lat' dir='ltr'><strong>E.</strong></span> <span class='ocrx_word' id='word_1_201' title='bbox 347 3137 387 3208; x_wconf 85' lang='lat' dir='ltr'><strong>G.</strong></span> <span class='ocrx_word' id='word_1_202' title='bbox 414 3162 474 3212; x_wconf 82' lang='lat' dir='ltr'><strong>van</strong></span> <span class='ocrx_word' id='word_1_203' title='bbox 491 3139 627 3220; x_wconf 75' lang='lat' dir='ltr'><strong>Sennea,</strong></span> <span class='ocrx_word' id='word_1_204' title='bbox 657 3141 724 3210; x_wconf 89' lang='lat' dir='ltr'><strong>obs.</strong></span> <span class='ocrx_word' id='word_1_205' title='bbox 741 3142 780 3209; x_wconf 87' lang='lat' dir='ltr'><strong>de</strong></span> <span class='ocrx_word' id='word_1_206' title='bbox 791 3142 900 3232; x_wconf 88' lang='lat' dir='ltr'><strong>judice</strong></span> <span class='ocrx_word' id='word_1_207' title='bbox 914 3164 933 3211; x_wconf 86' lang='lat' dir='ltr'><strong>a</strong></span> <span class='ocrx_word' id='word_1_208' title='bbox 949 3150 1082 3233; x_wconf 76' lang='lat' dir='ltr'><strong>praetore</strong></span> <span class='ocrx_word' id='word_1_209' title='bbox 1096 3151 1156 3212; x_wconf 91' lang='lat' dir='ltr'><strong>etc.</strong></span> <span class='ocrx_word' id='word_1_210' title='bbox 1172 3181 1218 3197; x_wconf 92' lang='lat'><em>-</em></span> 
     </span>
    </p>
   </div>
   <div class='ocr_carea' id='block_1_4' title="bbox 103 3273 1220 3488">
    <p class='ocr_par' dir='ltr' id='par_1_4' title="bbox 103 3273 1220 3488">
     <span class='ocr_line' id='line_1_21' title="bbox 104 3273 1219 3366; baseline 0.004 -28"><span class='ocrx_word' id='word_1_211' title='bbox 104 3273 140 3340; x_wconf 91' lang='grc' dir='ltr'><strong>Η.</strong></span> <span class='ocrx_word' id='word_1_212' title='bbox 157 3274 194 3340; x_wconf 92' lang='lat' dir='ltr'><strong>B.</strong></span> <span class='ocrx_word' id='word_1_213' title='bbox 213 3273 454 3354; x_wconf 81' lang='lat' dir='ltr'><strong>Nieuwenhuis,</strong></span> <span class='ocrx_word' id='word_1_214' title='bbox 471 3275 568 3342; x_wconf 86' lang='lat' dir='ltr'><strong>anim.</strong></span> <span class='ocrx_word' id='word_1_215' title='bbox 584 3297 680 3364; x_wconf 83' lang='lat' dir='ltr'><strong>super</strong></span> <span class='ocrx_word' id='word_1_216' title='bbox 694 3273 825 3342; x_wconf 87' lang='lat' dir='ltr'><strong>decimis</strong></span> <span class='ocrx_word' id='word_1_217' title='bbox 839 3283 870 3343; x_wconf 91' lang='lat' dir='ltr'><strong>et</strong></span> <span class='ocrx_word' id='word_1_218' title='bbox 882 3275 955 3366; x_wconf 88' lang='lat' dir='ltr'><strong>jure</strong></span> <span class='ocrx_word' id='word_1_219' title='bbox 971 3274 1157 3344; x_wconf 84' lang='lat' dir='ltr'><strong>decimandi.</strong></span> <span class='ocrx_word' id='word_1_220' title='bbox 1173 3313 1219 3328; x_wconf 91' lang='lat'><em>-</em></span> 
     </span>
     <span class='ocr_line' id='line_1_22' title="bbox 103 3403 1220 3488; baseline 0.007 -19"><span class='ocrx_word' id='word_1_221' title='bbox 103 3403 136 3470; x_wconf 90' lang='lat' dir='ltr'><strong>P.</strong></span> <span class='ocrx_word' id='word_1_222' title='bbox 167 3404 211 3472; x_wconf 89' lang='lat' dir='ltr'><strong>du</strong></span> <span class='ocrx_word' id='word_1_223' title='bbox 243 3407 325 3473; x_wconf 85' lang='lat' dir='ltr'><strong>Rieu</strong></span> <span class='ocrx_word' id='word_1_224' title='bbox 353 3405 413 3486; x_wconf 85' lang='lat' dir='ltr'><strong>Jr.,</strong></span> <span class='ocrx_word' id='word_1_225' title='bbox 441 3407 480 3473; x_wconf 90' lang='lat' dir='ltr'><strong>de</strong></span> <span class='ocrx_word' id='word_1_226' title='bbox 507 3408 644 3475; x_wconf 83' lang='lat' dir='ltr'><strong>Moneta.</strong></span> <span class='ocrx_word' id='word_1_227' title='bbox 661 3447 705 3460; x_wconf 88' lang='lat'><strong>—·-</strong></span> <span class='ocrx_word' id='word_1_228' title='bbox 724 3409 764 3476; x_wconf 91' lang='lat' dir='ltr'><strong>N.</strong></span> <span class='ocrx_word' id='word_1_229' title='bbox 781 3408 890 3476; x_wconf 78' lang='lat' dir='ltr'><strong>sitiet</strong></span> <span class='ocrx_word' id='word_1_230' title='bbox 905 3407 1021 3488; x_wconf 90' lang='lat' dir='ltr'><strong>Groos,</strong></span> <span class='ocrx_word' id='word_1_231' title='bbox 1046 3407 1086 3477; x_wconf 86' lang='lat' dir='ltr'><strong>de</strong></span> <span class='ocrx_word' id='word_1_232' title='bbox 1101 3408 1220 3477; x_wconf 86' lang='lat' dir='ltr'><strong>familia</strong></span> 
     </span>
    </p>
   </div>
   <div class='ocr_carea' id='block_1_5' title="bbox 104 3529 1321 3620">
    <p class='ocr_par' dir='ltr' id='par_1_5' title="bbox 104 3529 1321 3620">
     <span class='ocr_line' id='line_1_23' title="bbox 104 3529 1321 3620; baseline 0.004 -15"><span class='ocrx_word' id='word_1_233' title='bbox 104 3539 295 3606; x_wconf 85' lang='lat' dir='ltr'><strong>erciscunda.</strong></span> <span class='ocrx_word' id='word_1_234' title='bbox 322 3578 367 3590; x_wconf 89' lang='lat'><em>-</em></span> <span class='ocrx_word' id='word_1_235' title='bbox 390 3540 437 3608; x_wconf 83' lang='grc' dir='ltr'><strong>Μ.</strong></span> <span class='ocrx_word' id='word_1_236' title='bbox 465 3537 499 3608; x_wconf 87' lang='lat' dir='ltr'><strong>G.</strong></span> <span class='ocrx_word' id='word_1_237' title='bbox 532 3539 572 3606; x_wconf 89' lang='grc' dir='ltr'><strong>Η.</strong></span> <span class='ocrx_word' id='word_1_238' title='bbox 599 3540 711 3620; x_wconf 83' lang='lat' dir='ltr'><strong>Pauw,</strong></span> <span class='ocrx_word' id='word_1_239' title='bbox 751 3540 790 3608; x_wconf 88' lang='lat' dir='ltr'><strong>de</strong></span> <span class='ocrx_word' id='word_1_240' title='bbox 831 3540 1004 3610; x_wconf 88' lang='lat' dir='ltr'><strong>domicilio.</strong></span> <span class='ocrx_word' id='word_1_241' title='bbox 1043 3579 1089 3592; x_wconf 89' lang='lat'>-</span> <span class='ocrx_word' id='word_1_242' title='bbox 1126 3541 1156 3609; x_wconf 83' lang='lat' dir='ltr'><strong>J.</strong></span> <span class='ocrx_word' id='word_1_243' title='bbox 1182 3541 1222 3610; x_wconf 84' lang='lat' dir='ltr'><strong>de</strong></span> <span class='ocrx_word' id='word_1_244' title='bbox 1319 3529 1321 3532; x_wconf 33' lang='lat'>⁵</span> 
     </span>
    </p>
   </div>
   <div class='ocr_carea' id='block_1_6' title="bbox 104 3669 1226 4556">
    <p class='ocr_par' dir='ltr' id='par_1_6' title="bbox 104 3669 1226 4556">
     <span class='ocr_line' id='line_1_24' title="bbox 106 3669 1220 3760; baseline 0.007 -25"><span class='ocrx_word' id='word_1_245' title='bbox 106 3669 201 3738; x_wconf 89' lang='lat' dir='ltr'><strong>Witte</strong></span> <span class='ocrx_word' id='word_1_246' title='bbox 229 3692 289 3742; x_wconf 85' lang='lat' dir='ltr'><strong>vau</strong></span> <span class='ocrx_word' id='word_1_247' title='bbox 311 3669 436 3748; x_wconf 89' lang='lat' dir='ltr'><strong>Gitters,</strong></span> <span class='ocrx_word' id='word_1_248' title='bbox 462 3669 502 3738; x_wconf 86' lang='lat' dir='ltr'><strong>de</strong></span> <span class='ocrx_word' id='word_1_249' title='bbox 529 3670 612 3738; x_wconf 87' lang='lat' dir='ltr'><strong>mala</strong></span> <span class='ocrx_word' id='word_1_250' title='bbox 638 3671 699 3738; x_wconf 88' lang='lat' dir='ltr'><strong>fide</strong></span> <span class='ocrx_word' id='word_1_251' title='bbox 725 3673 760 3738; x_wconf 95' lang='lat' dir='ltr'><strong>in</strong></span> <span class='ocrx_word' id='word_1_252' title='bbox 786 3681 891 3760; x_wconf 85' lang='lat' dir='ltr'><strong>negot.</strong></span> <span class='ocrx_word' id='word_1_253' title='bbox 915 3687 973 3741; x_wconf 88' lang='lat' dir='ltr'><strong>etc.</strong></span> <span class='ocrx_word' id='word_1_254' title='bbox 998 3713 1042 3726; x_wconf 92' lang='lat'>-</span> <span class='ocrx_word' id='word_1_255' title='bbox 1065 3679 1107 3745; x_wconf 95' lang='lat' dir='ltr'><strong>A.</strong></span> <span class='ocrx_word' id='word_1_256' title='bbox 1133 3675 1220 3743; x_wconf 87' lang='lat' dir='ltr'><strong>Ker-</strong></span> 
     </span>
     <span class='ocr_line' id='line_1_25' title="bbox 105 3801 1226 3895; baseline 0.008 -29"><span class='ocrx_word' id='word_1_257' title='bbox 105 3809 196 3882; x_wconf 88' lang='lat' dir='ltr'><strong>stens‚</strong></span> <span class='ocrx_word' id='word_1_258' title='bbox 240 3801 280 3870; x_wconf 89' lang='lat' dir='ltr'><strong>de</strong></span> <span class='ocrx_word' id='word_1_259' title='bbox 315 3801 465 3890; x_wconf 78' lang='lat' dir='ltr'><strong>denegata</strong></span> <span class='ocrx_word' id='word_1_260' title='bbox 502 3802 634 3893; x_wconf 84' lang='lat' dir='ltr'><strong>justitia.</strong></span> <span class='ocrx_word' id='word_1_261' title='bbox 662 3841 707 3854; x_wconf 91' lang='lat'>-</span> <span class='ocrx_word' id='word_1_262' title='bbox 739 3805 792 3872; x_wconf 87' lang='lat' dir='ltr'><strong>Fr.</strong></span> <span class='ocrx_word' id='word_1_263' title='bbox 830 3804 931 3895; x_wconf 80' lang='lat' dir='ltr'><strong>Booy,</strong></span> <span class='ocrx_word' id='word_1_264' title='bbox 969 3806 1008 3874; x_wconf 85' lang='lat' dir='ltr'><strong>de</strong></span> <span class='ocrx_word' id='word_1_265' title='bbox 1041 3829 1226 3883; x_wconf 68' lang='lat' dir='ltr'><strong>reconven·,</strong></span> 
     </span>
     <span class='ocr_line' id='line_1_26' title="bbox 105 3932 1222 4023; baseline 0.01 -26"><span class='ocrx_word' id='word_1_266' title='bbox 105 3932 198 4001; x_wconf 91' lang='lat' dir='ltr'><strong>tione.</strong></span> <span class='ocrx_word' id='word_1_267' title='bbox 224 3970 269 3983; x_wconf 89' lang='grc'><strong>--</strong></span> <span class='ocrx_word' id='word_1_268' title='bbox 293 3932 323 3998; x_wconf 82' lang='lat' dir='ltr'><strong>J.</strong></span> <span class='ocrx_word' id='word_1_269' title='bbox 350 3933 429 4012; x_wconf 85' lang='lat' dir='ltr'><strong>Fak,</strong></span> <span class='ocrx_word' id='word_1_270' title='bbox 463 3933 544 4002; x_wconf 85' lang='lat' dir='ltr'><strong>flist.</strong></span> <span class='ocrx_word' id='word_1_271' title='bbox 576 3933 637 4022; x_wconf 81' lang='lat' dir='ltr'><strong>teg.</strong></span> <span class='ocrx_word' id='word_1_272' title='bbox 665 3933 705 4002; x_wconf 83' lang='lat' dir='ltr'><strong>ab</strong></span> <span class='ocrx_word' id='word_1_273' title='bbox 732 3934 837 4004; x_wconf 87' lang='lat' dir='ltr'><strong>ordin.</strong></span> <span class='ocrx_word' id='word_1_274' title='bbox 866 3957 974 4023; x_wconf 77' lang='lat' dir='ltr'><strong>gener.</strong></span> <span class='ocrx_word' id='word_1_275' title='bbox 997 3977 1042 3990; x_wconf 89' lang='lat'><em>-</em></span> <span class='ocrx_word' id='word_1_276' title='bbox 1063 3939 1094 4006; x_wconf 85' lang='lat' dir='ltr'><strong>J.</strong></span> <span class='ocrx_word' id='word_1_277' title='bbox 1115 3937 1154 4007; x_wconf 92' lang='lat' dir='ltr'><strong>G.</strong></span> <span class='ocrx_word' id='word_1_278' title='bbox 1182 3939 1222 4008; x_wconf 87' lang='lat' dir='ltr'><strong>de</strong></span> 
     </span>
     <span class='ocr_line' id='line_1_27' title="bbox 106 4062 1221 4162; baseline 0.009 -32"><span class='ocrx_word' id='word_1_279' title='bbox 106 4062 237 4144; x_wconf 79' lang='lat' dir='ltr'><strong>Becker,</strong></span> <span class='ocrx_word' id='word_1_280' title='bbox 264 4065 380 4146; x_wconf 84' lang='lat' dir='ltr'><strong>Quaest.</strong></span> <span class='ocrx_word' id='word_1_281' title='bbox 409 4065 537 4156; x_wconf 89' lang='lat' dir='ltr'><strong>dejure</strong></span> <span class='ocrx_word' id='word_1_282' title='bbox 563 4067 669 4134; x_wconf 89' lang='lat' dir='ltr'><strong>Neeri.</strong></span> <span class='ocrx_word' id='word_1_283' title='bbox 695 4107 740 4118; x_wconf 94' lang='lat'><em>-</em></span> <span class='ocrx_word' id='word_1_284' title='bbox 763 4070 799 4134; x_wconf 95' lang='grc' dir='ltr'><strong>Ρ.</strong></span> <span class='ocrx_word' id='word_1_285' title='bbox 816 4073 855 4135; x_wconf 86' lang='lat' dir='ltr'><strong>A.</strong></span> <span class='ocrx_word' id='word_1_286' title='bbox 873 4068 911 4136; x_wconf 90' lang='lat' dir='ltr'><strong>de</strong></span> <span class='ocrx_word' id='word_1_287' title='bbox 928 4069 1047 4151; x_wconf 86' lang='lat' dir='ltr'><strong>Wilde,</strong></span> <span class='ocrx_word' id='word_1_288' title='bbox 1075 4071 1114 4139; x_wconf 87' lang='lat' dir='ltr'><strong>de</strong></span> <span class='ocrx_word' id='word_1_289' title='bbox 1138 4074 1221 4162; x_wconf 78' lang='lat' dir='ltr'><strong>regis</strong></span> 
     </span>
     <span class='ocr_line' id='line_1_28' title="bbox 104 4196 1221 4282; baseline 0.011 -21"><span class='ocrx_word' id='word_1_290' title='bbox 104 4196 136 4262; x_wconf 91' lang='lat' dir='ltr'><strong>in</strong></span> <span class='ocrx_word' id='word_1_291' title='bbox 159 4197 292 4265; x_wconf 81' lang='lat' dir='ltr'><strong>Francia</strong></span> <span class='ocrx_word' id='word_1_292' title='bbox 317 4199 463 4266; x_wconf 78' lang='lat' dir='ltr'><strong>auctorit.</strong></span> <span class='ocrx_word' id='word_1_293' title='bbox 493 4237 537 4250; x_wconf 91' lang='lat'><strong>--</strong></span> <span class='ocrx_word' id='word_1_294' title='bbox 568 4199 626 4266; x_wconf 86' lang='lat' dir='ltr'><strong>Ph.</strong></span> <span class='ocrx_word' id='word_1_295' title='bbox 659 4199 698 4266; x_wconf 92' lang='lat' dir='ltr'><strong>G.</strong></span> <span class='ocrx_word' id='word_1_296' title='bbox 722 4199 758 4269; x_wconf 85' lang='lat' dir='ltr'><strong>G.</strong></span> <span class='ocrx_word' id='word_1_297' title='bbox 792 4201 833 4266; x_wconf 88' lang='grc' dir='ltr'><strong>Η.</strong></span> <span class='ocrx_word' id='word_1_298' title='bbox 863 4201 1049 4282; x_wconf 85' lang='lat' dir='ltr'><strong>Bloemarts,</strong></span> <span class='ocrx_word' id='word_1_299' title='bbox 1077 4203 1116 4270; x_wconf 85' lang='lat' dir='ltr'><strong>de</strong></span> <span class='ocrx_word' id='word_1_300' title='bbox 1143 4226 1221 4274; x_wconf 82' lang='lat' dir='ltr'><strong>reu-</strong></span> 
     </span>
     <span class='ocr_line' id='line_1_29' title="bbox 104 4323 1219 4410; baseline 0.014 -21"><span class='ocrx_word' id='word_1_301' title='bbox 104 4323 220 4394; x_wconf 85' lang='lat' dir='ltr'><strong>ditione</strong></span> <span class='ocrx_word' id='word_1_302' title='bbox 250 4329 297 4396; x_wconf 91' lang='lat' dir='ltr'><strong>rei</strong></span> <span class='ocrx_word' id='word_1_303' title='bbox 328 4328 448 4398; x_wconf 84' lang='lat' dir='ltr'><strong>elieuae.</strong></span> <span class='ocrx_word' id='word_1_304' title='bbox 483 4368 528 4380; x_wconf 89' lang='lat'>-</span> <span class='ocrx_word' id='word_1_305' title='bbox 562 4330 601 4398; x_wconf 93' lang='lat' dir='ltr'><strong>G.</strong></span> <span class='ocrx_word' id='word_1_306' title='bbox 633 4334 673 4398; x_wconf 92' lang='lat' dir='ltr'><strong>A.</strong></span> <span class='ocrx_word' id='word_1_307' title='bbox 706 4331 808 4410; x_wconf 88' lang='lat' dir='ltr'><strong>Baud,</strong></span> <span class='ocrx_word' id='word_1_308' title='bbox 841 4332 881 4400; x_wconf 85' lang='lat' dir='ltr'><strong>de</strong></span> <span class='ocrx_word' id='word_1_309' title='bbox 911 4357 1043 4402; x_wconf 89' lang='lat' dir='ltr'><strong>munere</strong></span> <span class='ocrx_word' id='word_1_310' title='bbox 1074 4343 1105 4402; x_wconf 85' lang='lat' dir='ltr'><strong>et</strong></span> <span class='ocrx_word' id='word_1_311' title='bbox 1135 4336 1219 4405; x_wconf 86' lang='lat' dir='ltr'><strong>offic.</strong></span> 
     </span>
     <span class='ocr_line' id='line_1_30' title="bbox 104 4458 1221 4556; baseline 0.013 -34"><span class='ocrx_word' id='word_1_312' title='bbox 104 4458 285 4551; x_wconf 77' lang='lat' dir='ltr'><strong>Burgimag.</strong></span> <span class='ocrx_word' id='word_1_313' title='bbox 312 4500 357 4513; x_wconf 93' lang='lat'>-</span> <span class='ocrx_word' id='word_1_314' title='bbox 379 4461 410 4530; x_wconf 83' lang='lat' dir='ltr'><strong>J.</strong></span> <span class='ocrx_word' id='word_1_315' title='bbox 437 4463 466 4530; x_wconf 81' lang='lat' dir='ltr'><strong>J.</strong></span> <span class='ocrx_word' id='word_1_316' title='bbox 492 4467 533 4532; x_wconf 88' lang='lat' dir='ltr'><strong>A.</strong></span> <span class='ocrx_word' id='word_1_317' title='bbox 564 4485 622 4534; x_wconf 80' lang='lat' dir='ltr'><strong>van</strong></span> <span class='ocrx_word' id='word_1_318' title='bbox 649 4464 710 4533; x_wconf 89' lang='lat' dir='ltr'><strong>den</strong></span> <span class='ocrx_word' id='word_1_319' title='bbox 739 4464 931 4553; x_wconf 78' lang='lat' dir='ltr'><strong>Aardwegh,</strong></span> <span class='ocrx_word' id='word_1_320' title='bbox 961 4466 1000 4534; x_wconf 85' lang='lat' dir='ltr'><strong>de</strong></span> <span class='ocrx_word' id='word_1_321' title='bbox 1028 4465 1124 4556; x_wconf 78' lang='lat' dir='ltr'><strong>legib.</strong></span> <span class='ocrx_word' id='word_1_322' title='bbox 1150 4467 1221 4537; x_wconf 84' lang='lat' dir='ltr'><strong>iru-</strong></span> 
     </span>
    </p>
   </div>
   <div class='ocr_carea' id='block_1_7' title="bbox 0 0 1542 5318">
    <p class='ocr_par' dir='ltr' id='par_1_7' title="bbox 0 0 1542 5318">
     <span class='ocr_line' id='line_1_31' title="bbox 0 0 1542 5318; baseline 0 0"><span class='ocrx_word' id='word_1_323' title='bbox 0 0 1542 5318; x_wconf 95' lang='lat' dir='ltr'><strong> </strong></span> 
     </span>
    </p>
   </div>
  </div>
 </body>
</html>
