3084 5320
716 397 782 464 197

181 611 313 688 celotes,
350 635 418 680 eur.
446 614 550 679 -11,
577 613 751 694 Moienaar,
786 615 924 706 bijdrage
947 641 1024 688 over
1046 621 1238 710 pneumouie
1261 644 1300 688 en

182 744 263 810 hare
283 743 499 833 behandeiing.
549 747 647 814 1865.
694 747 729 816 8.

661 954 843 965 -ιι-..η

502 1093 991 1164 Pultosoefltcnu

231 1275 320 1342 5555
364 1277 394 1343 J.
420 1277 538 1355 Smuta,
563 1277 637 1345 exh.
659 1279 929 1346 enumerationem
954 1278 1168 1346 mammaiium
1185 1301 1300 1370 oapen·

180 1410 277 1476 sium.
325 1409 424 1476 1859..
472 1412 504 1474 1.

229 1541 318 1606 5556
364 1543 400 1606 11
423 1542 496 1610 Chr.
520 1543 679 1620 Btiohner,
704 1542 744 1610 de
769 1544 879 1631 glacie.
928 1545 1026 1611 1851.
1072 1544 1104 1609 8.

230 1675 317 1739 5557
363 1672 398 1739 G.
421 1675 450 1739 1.
468 1674 612 1752 Muttines,
626 1674 664 1742 de
679 1677 867 1744 invenienda
882 1679 1068 1766 aequatione
1079 1678 1299 1746 eousticarum.

181 1806 283 1871 1857.
331 1808 364 1874 1.

229 1939 319 2005 5558
363 1940 393 2005 1.
417 1941 453 2004 Ε.
478 1939 517 2006 de
540 1941 618 2031 Vry,
649 1940 688 2007 de
711 1943 791 2009 anai.
817 1941 921 2033 chym.
948 1965 1009 2032 quo
1034 1951 1136 2033 partes
1155 1942 1299 2032 plantet

179 2071 312 2136 animal.
336 2082 465 2139 remote
487 2083 733 2160 cognoscuntur.
784 2073 885 2142 1858.
931 2074 964 2143 8.

230 2207 320 2272 5559
364 2209 392 2272 1.
424 2208 603 2287 thowaai‚
639 2208 678 2276 de
700 2209 850 2276 arborum
875 2208 1074 2299 sylvestrium
1098 2208 1301 2299 plantatione.

182 2339 284 2406 1859.
333 2341 364 2406 8.

230 2473 321 2538 5560
366 2475 409 2539 Μ.
433 2476 461 2539 1.
486 2475 566 2564 Cup,
590 2473 732 2562 quaedam
756 2474 795 2540 de
818 2472 933 2563 amylo.
983 2472 1080 2537 1811.
1128 2471 1160 2538 8.

231 2605 314 2670 5561
364 2606 392 2670 1.
424 2606 454 2672 1.
482 2607 603 2694 Teding
626 2630 685 2676 vau
710 2608 885 2684 Berkhout,
922 2606 961 2672 de
984 2604 1134 2673 fluxubus
1157 2603 1300 2672 thermo-

180 2736 318 2804 eieetric.
342 2759 417 2806 acus
441 2761 546 2827 magn.
573 2763 646 2830 ope,
672 2739 796 2808 observ.
846 2740 946 2807 1815.
993 2738 1024 2804 8.

230 2870 320 2936 5562
364 2875 402 2936 Α.
419 2870 453 2936 C.
471 2871 542 2938 Chr.
561 2873 611 2938 Fr.
630 2896 689 2939 van
709 2873 845 2949 Winter,
871 2871 910 2938 de
926 2869 1132 2960 metamorph.
1148 2892 1298 2938 saxorum

181 3004 317 3089 origine.
345 3044 386 3054 -
408 3004 447 3070 N.
472 3005 513 3071 H.
539 3028 598 3071 van
621 3006 787 3083 Charonte,
812 3004 891 3093 disq.
917 3025 1028 3093 exper.
1052 3013 1081 3070 ot
1099 3002 1198 3068 theor.
1218 3003 1299 3069 oiroa

181 3137 435 3223 magnetismum.
485 3137 583 3203 1811.
631 3139 664 3206 8.

230 3269 319 3336 5565
364 3271 391 3335 J.
430 3270 468 3336 de
497 3270 620 3347 Vinum,
656 3269 695 3337 de
726 3271 822 3338 trium
847 3270 962 3336 virium
986 3267 1172 3357 equilibrio.
1197 3268 1229 3332 1.
1254 3306 1299 3318 --

181 3402 223 3468 G.
255 3408 292 3468 Α.
321 3403 350 3470 le
372 3403 484 3478 denne.
519 3403 638 3469 definit.
662 3427 702 3470 ex
726 3425 824 3472 noun.
853 3401 1013 3492 pleiadum
1038 3398 1300 3468 occultationibun

181 3535 333 3602 deduotae.
382 3536 480 3602 1815.
529 3535 560 3602 8.

230 3669 321 3734 5561
364 3669 393 3733 1.
419 3670 587 3759 Evmwyn,
612 3669 651 3736 de
675 3671 839 3736 cementis.
888 3667 987 3734 1816.
1034 3666 1066 3732 8.

230 3799 319 3867 5565
367 3801 713 3877 D.Bierensdeflaan,
730 3800 962 3867 delemniseata
978 3795 1300 3866 Bernnuiitana.d.-
1348 3875 1351 3884 Ι

181 3931 222 3997 V.
250 3931 279 3997 S.
304 3934 346 3998 11.
373 3957 431 4002 vau
449 3934 504 4002 der
520 3934 686 4022 witigo»,
712 3933 751 4000 de
766 3933 963 4001 aberratione
979 3931 1067 3999 ineis.
1116 3930 1214 3997 1817.
1263 3931 1297 4000 8.

65 4057 69 4064 ’
229 4064 320 4130 5566
367 4070 404 4132 Α.
418 4066 446 4129 1.
461 4089 518 4134 van
534 4067 659 4143 Deinse‚
677 4065 748 4132 exh.
766 4065 1015 4131 determination.
1034 4061 1143 4131 orbitae
1159 4069 1297 4130 oometoe.

180 4196 277 4265 Febr.
297 4220 325 4264 a.
339 4197 435 4264 1816.
447 4201 479 4264 1.
492 4234 532 4244 --
544 4198 583 4264 G.
597 4200 640 4264 Μ.
652 4199 747 4274 Pork,
762 4197 800 4264 de
811 4198 901 4286 aquis
914 4195 1126 4263 Leidensibus.
1145 4195 1243 4261 1819.
1261 4193 1296 4265 8.

230 4329 320 4396 5567
366 4331 394 4394 1.
427 4336 464 4394 Α.
500 4330 659 4407 Herilots,
694 4329 788 4396 addit.
824 4329 863 4394 ad
895 4328 1020 4395 faunam
1054 4327 1202 4395 carcinol.
1230 4326 1298 4396 dir.

180 4461 337 4532 occident.
353 4497 391 4510 ·-
403 4461 438 4530 C.
452 4463 487 4529 P.
501 4463 634 4552 danger,
652 4463 690 4530 de
700 4462 856 4531 solutione
868 4460 970 4552 probi.
983 4458 1195 4552 Keppleriani.
1209 4460 1241 4526 1.
1255 4497 1299 4512 -
