3084 5320
811 387 879 456 856

321 601 412 671 5518
456 599 494 670 G.
531 623 591 673 van
626 602 796 682 lasaron,
836 599 876 671 (16
909 602 1032 694 poetica
1066 601 1206 672 dictione
1237 603 1272 670 in
1305 603 1405 694 epist.

275 735 396 804 Jacobi.
415 773 458 786 -
480 736 516 804 i..
540 734 580 804 da
602 734 698 815 Geor,
733 734 772 803 dc
796 735 925 803 oraculo
949 737 983 802 in
1006 735 1170 804 Moabitas.
1219 736 1317 803 1855.
1370 736 1408 802 8.

322 870 413 938 5589
458 868 497 937 G.
524 890 583 939 van
606 867 763 948 Gorlrom,
797 867 836 935 (16
858 867 981 936 loanno
1004 867 1149 960 Goccojo.
1176 905 1219 916 —
1243 870 1282 935 H.
1306 869 1336 936 J.
1363 869 1405 936 E.
1460 927 1461 930 ,

277 1025 338 1073 van
372 1001 498 1080 Hoorn,
533 999 572 1070 (16
608 1000 723 1070 lidellii
758 1000 812 1068 lite
835 999 874 1067 de
899 1009 1014 1069 aterna
1037 1002 1239 1088 generatione
1261 1001 1319 1068 lilii
1342 1002 1410 1070 Dei

275 1157 294 1202 a
317 1143 417 1225 patra.
439 1169 483 1182 -
506 1134 542 1200 F..
566 1133 601 1200 F.
626 1155 687 1204 van
711 1133 824 1214 Dissel,
849 1132 888 1202 de
904 1133 1052 1202 charitate
1068 1133 1248 1214 christiana,
1272 1134 1339 1203 roll.
1356 1173 1409 1184 -

276 1266 310 1336 S.
353 1265 519 1359 Holmoyr,
559 1265 703 1335 doctrina
736 1266 828 1334 Pauli
861 1266 900 1334 de
935 1291 1130 1351 πρωτοτοκωι,
1168 1269 1203 1335 in
1238 1269 1326 1358 epist.
1361 1267 1409 1336 ad

278 1399 397 1468 Coloss.
439 1400 473 1467 I:
517 1401 653 1467 15-80
691 1401 845 1491 exposita.
882 1439 924 1451 -
956 1401 993 1467 P.
1032 1399 1139 1480 Steen,
1179 1399 1218 1468 do
1254 1401 1325 1469 loco
1346 1409 1408 1478 τῆῡ

280 1532 557 1607 ἀποκαταστάσεως
600 1532 729 1600 πάντων.
773 1571 815 1584 -
856 1531 899 1602 H.
938 1532 976 1602 G.
1013 1534 1138 1624 Hagen,
1184 1533 1224 1602 de
1256 1533 1408 1622 dogmate

279 1665 438 1732 immacul.
464 1674 605 1756 concept.
631 1665 749 1733 Harim.
797 1664 898 1732 1856.
944 1665 976 1732 8.

323 1797 418 1865 5550
463 1798 501 1864 Ι).
541 1796 717 1876 Hoordcrs,
762 1796 801 1864 de
839 1818 946 1887 pugna
985 1797 1175 1886 theologiam
1199 1799 1282 1866 inter
1304 1805 1404 1888 atque
1533 1819 1534 1840 ³

278 1929 456 2021 anthropol.
491 1931 525 1998 in
558 1929 677 1998 Eccles.
710 1929 822 2006 christ
851 1929 951 1998 doctr.
977 1972 1019 1985 -
1041 1931 1070 1997 J.
1103 1931 1132 1998 J.
1161 1933 1326 2020 Bcrgsnaa‚
1361 1929 1407 1999 de

277 2065 501 2133 commissariis
524 2063 671 2155 politicis.
719 2064 819 2130 1857.
867 2063 899 2131 8.

323 2197 408 2263 5551
458 2196 487 2263 1.
511 2199 553 2264 A.
568 2196 736 2288 Lamping,
760 2196 850 2263 Pauli
869 2195 907 2264 de
922 2195 1193 2288 praedestinatione
1208 2197 1340 2266 decreta.
1356 2236 1407 2249 -

277 2329 318 2396 Η.
343 2327 377 2396 G.
401 2329 580 2409 Laatsman,
606 2327 645 2397 (16
668 2329 899 2400 Novi'Testam.
917 2330 1074 2421 pericopis
1089 2329 1258 2399 ecclesiast.
1274 2353 1405 2400 earnm·

278 2463 486 2553 que'origine
509 2475 568 2531 etc.
592 2501 634 2515 --
657 2463 698 2528 H.
725 2469 772 2528 ter
795 2462 892 2542 Haar,
927 2431 1013 2529 l'etri
1037 2463 1172 2532 Dathani
1195 2465 1270 2534 vita.
1296 2505 1338 2522 -
1361 2463 1401 2538 G.

278 2596 380 2676 Loeii,
405 2595 444 2664 de
466 2597 542 2664 lesu
557 2596 631 2663 Chr.
657 2595 796 2667 divinam
820 2617 910 2664 suam
932 2595 1120 2685 legationem
1144 2595 1332 2668 vindicante.
1357 2635 1408 2651 -

279 2727 333 2792 W.
369 2731 408 2795 A.
444 2727 588 2816 Honing,
625 2727 664 2794 (16
699 2727 832 2796 Garardi
862 2728 1102 2820 Zotplraniensis
1126 2731 1189 2800 vita
1212 2739 1340 2800 atc.--
1368 2731 1403 2800 J.

278 2857 419 2940 Cramer,
444 2859 483 2928 de
506 2861 760 2930 1616616616.-
784 2860 822 2930 G.
846 2861 888 2928 Η.
913 2863 1056 2942 hinem,
1081 2862 1120 2932 de
1143 2864 1343 2932 conscientia.
1358 2903 1407 2914 —-

278 2993 321 3062 m.
361 2993 400 3060 N.
439 2993 629 3084 Ringnalda‚
671 2993 709 3062 da
747 2995 890 3064 oratione
928 3005 1090 3076 montana,
1130 2997 1251 3086 Evang.
1290 2987 1403 3065 lllatth.

278 3149 345 3218 cap.
370 3146 495 3195 v—vn.
542 3128 643 3195 1858.
691 3128 723 3197 8.

324 3261 413 3328 5558
437 3259 475 3328 G.
487 3261 588 3340 Paris,
601 3259 641 3328 (16
651 3259 810 3350 Lndgero‚
824 3262 1000 3330 Frisiorum
1009 3261 1235 3352 Saxorumque
1242 3262 1401 3354 apostolo,

277 3400 337 3460 etc.
362 3433 403 3445 -
421 3393 451 3459 1.
472 3397 512 3460 A.
524 3391 621 3460 Gerth
636 3415 696 3464 van
711 3395 797 3486 Wylr
808 3394 869 3473 16,
894 3394 967 3463 hist.
987 3395 1062 3462 eccl.
1080 3395 1160 3463 male
1176 3395 1402 3464 Jansenisticae

278 3523 377 3593 dictae.
393 3563 438 3577 -
454 3524 494 3594 G.
513 3530 620 3605 Astro,
647 3525 686 3594 (16
701 3527 797 3595 altera
813 3527 905 3595 Pauli
920 3529 1108 3619 captivitato.
1121 3567 1166 3580 -
1177 3532 1215 3594 A.
1230 3529 1323 3596 Drost
1334 3525 1401 3608 nt,

278 3655 316 3725 de
340 3659 449 3750 Moyse
471 3656 654 3749 Amyraldo.
679 3700 720 3712 -
743 3663 782 3725 A.
810 3682 869 3728 van
893 3659 1070 3740 docilior,
1095 3660 1135 3728 de
1159 3659 1302 3728 iohanne
1324 3657 1405 3728 Coo·

279 3791 357 3880 cajo.
392 3829 436 3841 --
471 3791 507 3857 Ε.
541 3791 582 3858 H.
621 3813 680 3862 van
715 3791 885 3872 lecuwon,
929 3792 1005 3860 lesu
1041 3792 1183 3861 doctrina
1218 3793 1271 3862 (16
1291 3815 1402 3861 resur-

279 3897 418 3990 rectione
452 3930 664 3990 mortuorum.
702 3962 744 3973 -
777 3923 806 3989 1.
844 3924 887 3990 Μ.
926 3925 1043 3991 Assinlr
1077 3923 1228 4005 Gallicam
1271 3925 1403 4014 Georgii

277 4053 441 4123 Cassandri
465 4057 535 4124 vitae
557 4065 651 4146 atque
675 4078 809 4146 operum
826 4058 974 4125 narratio.
1020 4057 1120 4125 1859.
1163 4058 1197 4126 8.

323 4190 411 4256 5555
459 4189 516 4255 un.
541 4187 573 4255 s.
599 4211 658 4260 van
681 4189 819 4269 nannet,
844 4191 921 4258 resa
944 4189 1061 4258 carisa
1085 4168 1228 4258 doctrina
1252 4189 1291 4258 aa
1307 4191 1345 4256 v.
1362 4191 1399 4259 r.

277 4321 376 4390 libris.
401 4361 445 4374 -
469 4323 499 4389 1.
523 4330 575 4390 ten
599 4322 711 4400 Brink‚
738 4345 814 4392 over
837 4322 909 4390 Did.
934 4322 1140 4392 Volckertsen
1154 4320 1341 4392 Goornhert.
1358 4362 1405 4374 -

278 4457 319 4524 A.
352 4454 394 4523 H.
424 4452 460 4525 G.
494 4476 556 4528 van
586 4455 756 4538 Lcauwen,
794 4455 833 4524 do
861 4458 957 4526 sacris
984 4455 1183 4548 paschalibus
1206 4458 1241 4525 in
1263 4455 1405 4526 Ecclesia
