3052 5324
822 413 868 480 60

279 635 369 702 2442
390 634 547 726 Baptistae
563 631 725 700 Mantuani
741 628 927 698 Carmelitae
948 624 988 694 (le
1020 625 1169 717 patientia
1202 624 1293 692 aurei
1325 622 1401 692 libri

388 775 462 836 tres.
508 771 665 836 Eceusom
700 777 742 834 est
778 769 832 834 hoe
864 783 938 848 opes
974 765 1123 846 eposium
1159 763 1337 828 Doeemrtue
1368 763 1402 828 ia

388 903 506 969 aedem
531 903 642 968 alberti
668 901 811 983 Pesreet,
841 895 942 960 tete.
989 893 1024 960 4.

189 1086 190 1089 ,
279 1031 369 1098 2445
396 1062 929 1076 mmm-mffl-*ffi
961 1022 1086 1090 libellus
1128 1045 1169 1091 ex
1210 1024 1401 1114 panegyrico

390 1159 521 1228 lioberti
543 1157 739 1226 Sererenatis
763 1154 947 1247 desumptus
970 1158 1005 1223 ia
1028 1178 1093 1245 quo
1118 1155 1267 1247 graphice
1290 1155 1400 1246 depin-

392 1295 478 1382 gitur
496 1293 567 1381 quis
590 1289 731 1360 eoelestis
754 1289 840 1357 illius
863 1289 1039 1367 machinae,
1058 1299 1122 1355 tam
1139 1289 1262 1358 varium
1274 1298 1402 1378 tamque

388 1425 565 1494 mirabilem
589 1433 711 1492 motum
734 1422 850 1510 dirigat
866 1430 1015 1510 aercgat.
1060 1426 1400 1492 Veaunduuturlleeea·

387 1563 462 1628 trine
475 1563 508 1626 ia
521 1561 639 1625 cedias
657 1560 818 1624 ilteodirici
831 1560 867 1623 cta
885 1560 992 1624 Beroe.
1042 1557 1114 1624 Sine
1133 1577 1225 1624 uano.
1272 1557 1307 1623 4.

277 1692 367 1760 2444
390 1691 530 1780 Philippi
545 1689 691 1757 Beroaldi
707 1687 899 1756 Declamatio
915 1686 954 1755 (lc
970 1686 1070 1755 tribus
1083 1686 1244 1757 iratribus:
1260 1688 1402 1766 ebrioso;

386 1833 559 1891 scortatore
594 1831 625 1890 ct
649 1822 761 1890 alcone
788 1844 853 1888 non
882 1822 988 1916 minus
1018 1821 1104 1888 ntilis
1130 1843 1226 1911 quam
1250 1819 1401 1888 iucunda.

396 1958 614 2043 (Deeeateioe),
658 1959 713 2026 Ee
748 1959 869 2041 offic-ica
909 1958 1072 2022 literatorie
1110 1957 1220 2021 alberti
1255 1955 1400 2038 Petraei,

398 2088 497 2154 saie.
543 2090 578 2155 a.
1089 2069 1091 2073 ’

278 2219 370 2288 esta
737 2264 883 2273 ----
907 2217 1253 2310 Oratioproverbialis.
1287 2223 1405 2288 Deven-

387 2355 461 2419 trioe
484 2371 525 2418 ea
546 2353 668 2435 offiano
694 2353 806 2419 alberti
830 2355 980 2437 Petraea,
1012 2353 1110 2418 1517.
1157 2352 1189 2417 4.

278 2485 370 2551 2446
394 2482 608 2551 Bartholomci
633 2482 829 2550 Coloniensis
852 2484 991 2573 Epistola
1009 2485 1220 2575 Mythologica
1236 2506 1309 2552 cum
1325 2504 1407 2572 qno·

389 2613 536 2683 rumdam
566 2613 742 2682 difficilium
775 2615 1002 2685 vocabulorum
1029 2619 1063 2684 in
1087 2641 1123 2684 ea
1147 2619 1323 2707 positorum
1346 2617 1403 2683 ln·

391 2747 515 2815 cnlenta
547 2748 815 2838 interpretatione.
871 2752 944 2818 Siue
968 2754 1022 2818 loe.
1050 2761 1164 2836 typopr.
1192 2772 1273 2817 nom.
1299 2759 1327 2817 et
1349 2771 1403 2816 en.

43 2907 90 2968 “as
118 2930 137 2965 ἃ
176 2899 231 2960 ς’..
262 2931 282 2964 -s
304 2921 341 2972 e*
389 2881 594 2966 (voceuoce,
623 2883 688 2948 Jae.
713 2885 749 2948 de
773 2884 871 2950 Bredo
895 2903 921 2948 c.
951 2883 1067 2964 15004)
1106 2887 1174 2950 Aee.
1198 2883 1404 2972 Epigramma

389 3015 528 3090 eaedem,
558 3011 592 3078 in
615 3005 723 3078 osores
752 3011 932 3080 studiorum
961 3012 1177 3093 humanitatis,
1208 3025 1239 3082 et
1262 3012 1404 3104 Epistola

389 3143 429 3210 arl
451 3153 587 3212 sectores
611 3165 696 3211 suos.

278 3277 368 3343 2447
392 3277 465 3344 lloc
489 3299 586 3368 opere
609 3277 813 3344 continentur
833 3275 946 3344 ordino
968 3275 1042 3344 libri
1064 3276 1241 3370 subscripti.
1290 3279 1405 3346 Hiero-

391 3411 478 3500 nymi
501 3409 661 3501 Epistolae
683 3409 777 3487 duae,
807 3409 885 3476 hacc
908 3408 947 3476 ad
970 3409 1129 3476 Athletam
1151 3411 1204 3478 illa
1230 3411 1270 3478 ad
1295 3411 1407 3480 ilelia-

391 3541 517 3610 dorum.
564 3540 726 3610 Ciceronis
742 3541 948 3610 familiarium
963 3544 1169 3633 epistolarum
1185 3555 1258 3613 tres.
1291 3545 1404 3632 Magni

389 3673 497 3742 Basilii
529 3674 570 3744 de
600 3677 799 3744 institutione
830 3677 1031 3767 opusculum.
1077 3679 1218 3746 Platonis
1250 3677 1290 3746 tle
1321 3699 1405 3746 eon-

389 3807 556 3877 temnemla
580 3819 693 3878 morte.
739 3810 865 3878 Horatii
888 3833 1072 3878 sermonum
1095 3809 1175 3878 liber
1197 3811 1329 3901 primus.
1356 3847 1405 3860 -

388 3943 460 4010 Sine
482 3946 536 4009 loe.
560 3952 676 4029 typoer.
704 3965 786 4011 nam.
810 3954 838 4012 et
859 3965 912 4012 aa.

274 4073 564 4143 esternacensi
597 4076 745 4167 Episcopi
776 4076 987 4168 Physiologus
1018 4077 1057 4143 dc
1085 4077 1206 4144 naturis
1233 4074 1406 4143 duodecim

386 4207 582 4274 animalium.
611 4212 819 4294 (Deoeatrtee,
845 4213 929 4276 Rea.
954 4213 1093 4293 Postreet
1112 4229 1139 4276 c.
1157 4208 1275 4289 4488).

275 4339 366 4408 2449
388 4341 547 4409 Francisei
574 4340 732 4432 Philclphi
762 4341 920 4434 Epistolae
950 4341 1111 4410 breviores
1139 4341 1347 4429 elegantiores
1369 4350 1403 4408 et

385 4472 556 4563 juvenibus
578 4475 679 4563 magis
701 4474 807 4554 utiles,
835 4497 877 4543 ex
900 4483 967 4543 toto
989 4473 1194 4564 epistolarum
1217 4475 1286 4541 cius
1308 4472 1403 4542 volu-
