3084 5320
686 427 750 494 281

149 647 244 720 leno,
278 639 318 708 de
349 641 705 730 gastrohomorrhegiis.
732 685 772 697 -
796 643 825 710 1.
849 642 1091 736 ncmphuo,
1125 643 1165 714 de
1187 645 1280 714 urina

150 781 296 842 eruente
312 811 357 824 -
381 777 421 840 h
443 771 575 853 Saena,
599 773 640 841 de
661 773 799 842 indutae
816 774 886 844 lelre
900 775 1066 846 oellulose.
1105 778 1206 846 1818.
1245 781 1277 848 8.

201 1035 291 1102 5598
335 1035 368 1104 S.
391 1037 434 1103 K.
457 1035 497 1104 de
522 1037 653 1117 weard,
678 1039 719 1107 de
741 1063 803 1108 usu
826 1041 1000 1132 phosphori
1022 1044 1056 1110 in
1071 1043 1217 1135 paralysi.
1233 1083 1279 1096 -

151 1169 193 1233 ll.
230 1167 342 1248 smine,
379 1190 440 1236 ees.
473 1167 624 1260 hydropis
658 1170 794 1240 thoracis
825 1195 930 1264 comp.
953 1213 998 1226 -
1023 1176 1076 1241 W.
1106 1175 1277 1265 Wiheoge,

151 1299 223 1368 duo
251 1322 312 1368 ros.
346 1301 434 1392 typhi
462 1301 622 1370 ebdomin.
647 1343 688 1356 -
712 1304 751 1370 Ι).
774 1305 804 1371 1.
828 1306 951 1386 Peneo,
987 1307 1026 1373 do
1047 1307 1174 1374 enmesi
1197 1330 1278 1376 noe-

151 1442 259 1502 lurne.
275 1471 316 1484 -
331 1438 371 1500 Α.
394 1432 535 1514 Cuma,
559 1435 599 1504 de
621 1435 735 1505 morbo
758 1437 904 1526 Brighlii.
920 1475 963 1486 -
978 1440 1019 1507 ll.
1043 1439 1180 1511 Louwes
1198 1439 1272 1521 L.l.‚

151 1567 195 1634 de
229 1565 369 1658 hydrope
400 1567 537 1636 meilide.
562 1609 605 1621 -
630 1569 660 1634 J.
684 1569 809 1648 heber,
845 1570 884 1638 de
906 1573 995 1639 exilu
1019 1575 1222 1663 pneumeoiae
1243 1575 1278 1642 is

150 1700 422 1791 hepelisetionem.
437 1739 484 1754 -
506 1701 550 1768 hl.
567 1699 601 1769 G.
620 1701 842 1793 hlelelereemp
858 1701 1078 1794 Geppenherg,
1102 1705 1142 1773 do
1157 1705 1278 1776 morbis

148 1831 312 1924 placentie
328 1867 375 1884 -
389 1835 435 1903 hl.
460 1833 500 1900 ll.
525 1833 732 1925 Wybeliogh‚
756 1835 796 1903 de
807 1837 931 1926 jectum
946 1836 1128 1906 substantio
1143 1839 1177 1905 io
1194 1838 1276 1907 ulee-

147 1972 213 2030 rat.
236 2003 277 2016 -
299 1967 336 2033 Β.
371 1965 413 2032 Η.
448 1966 477 2032 1.
512 1966 623 2045 lieets,
658 1966 697 2034 de
731 1953 792 2036 mu
825 1968 938 2037 medie.
972 1971 1046 2038 nitr.
1076 1992 1143 2059 erg.
1168 2009 1212 2022 -
1235 1970 1274 2040 B.

148 2097 291 2188 Hopme‚
320 2119 418 2168 noun.
454 2098 559 2188 diego.
595 2099 778 2190 hydroeeles
801 2113 899 2192 spect.
922 2141 968 2154 --
990 2103 1026 2170 P.
1050 2103 1080 2170 1.
1104 2103 1275 2193 Huisioge,

148 2232 191 2300 de
216 2231 407 2322 erysipelate.
423 2273 467 2286 -
484 2232 520 2301 F.
545 2231 655 2324 Spreo,
682 2256 746 2303 ver.
770 2257 894 2323 argum.
911 2275 954 2286 -
971 2235 1000 2302 1.
1025 2258 1086 2307 ven
1109 2235 1149 2304 de
1171 2238 1275 2318 hloer,

147 2365 191 2433 de
215 2387 380 2454 gangrena
402 2365 495 2434 sices.
518 2403 561 2415 -
584 2365 620 2433 l..
644 2367 733 2457 Trip,
763 2366 804 2434 de
826 2367 922 2436 melh.
946 2388 1015 2434 cur.
1039 2369 1143 2456 angio.
1170 2389 1273 2436 mem-

146 2498 244 2566 breo.
260 2537 303 2550 --
319 2503 358 2565 A.
381 2499 417 2565 L.
441 2497 481 2566 do
503 2497 616 2565 Grient
638 2500 760 2579 Drenx,
785 2499 825 2568 de
847 2499 962 2568 sceleto
977 2497 1091 2591 puello
1106 2501 1270 2570 osteomal.

146 2637 265 2700 emori.
287 2669 330 2682 -
352 2630 387 2698 L.
411 2629 463 2697 Fr.
487 2629 526 2697 de
549 2630 683 2718 llertog,
709 2630 748 2700 de
770 2630 899 2722 phlebil.
922 2655 941 2700 e
963 2656 1058 2704 eausa
1079 2637 1215 2704 interna.
1231 2673 1276 2687 -

147 2765 181 2831 1.
217 2766 256 2829 Δ.
291 2762 432 2854 hylem,
466 2762 506 2830 de
528 2764 676 2832 remediis
699 2764 852 2836 derivant.
876 2805 920 2818 -
941 2767 971 2834 1.
996 2769 1032 2834 Ε.
1056 2769 1205 2848 moneo,
1235 2767 1275 2838 de

145 2915 284 2964 consen.
317 2915 391 2983 eng.
424 2893 598 2964 membran.
633 2919 662 2965 e.
689 2897 882 2969 stomalitide
905 2897 1016 2966 exsud.
1042 2941 1082 2953 -
1106 2900 1144 2965 Ε.
1171 2900 1208 2966 l).
1232 2901 1275 2971 Η.

144 3027 307 3110 Schulter,
343 3028 383 3098 de
414 3029 564 3120 oooylosi.
590 3069 635 3080 -
657 3031 694 3097 b.
718 3031 836 3111 Kloelr,
872 3029 912 3098 de
934 3040 1096 3100 memento
1118 3030 1277 3121 linguose·

144 3160 383 3231 albuminuriae.
410 3203 452 3216 -
474 3161 512 3230 B.
537 3186 598 3235 ven
622 3163 744 3243 Calcat,
769 3162 808 3230 de
831 3162 918 3231 lehre
940 3185 1088 3254 puerper.
1115 3205 1155 3217 -
1179 3165 1208 3232 1.
1233 3164 1271 3234 L.

144 3291 340 3386 Ghaolleury
369 3317 429 3368 van
451 3296 637 3377 Ysselsleio,
672 3296 712 3364 de
735 3295 867 3375 morbis,
893 3297 949 3386 qui
972 3317 1006 3364 se
1028 3293 1200 3365 excludere
1221 3294 1273 3365 ie·

144 3436 274 3496 rantur.
297 3467 340 3484 -
363 3429 408 3496 Μ.
423 3430 459 3496 Ρ.
475 3429 604 3510 Diome,
629 3451 774 3518 quonam
791 3430 830 3498 eit
846 3437 909 3497 oet.
927 3429 1152 3521 hydreeepheli
1168 3451 1214 3500 ee.
1230 3467 1276 3482 -

144 3563 189 3627 Δ.
203 3559 408 3651 Meursingbe
420 3561 498 3644 us„
517 3562 557 3631 de
573 3570 678 3630 heleno
692 3564 776 3652 inpr.
793 3560 832 3630 de
846 3571 898 3632 let.
910 3565 1106 3631 treumelieo.
1126 3561 1225 3628 1811.
1243 3561 1274 3630 8.

604 3721 823 3732 ——nc———u

197 3825 286 3892 5599
332 3830 371 3896 Δ.
395 3825 436 3894 Η.
460 3827 584 3908 brudle,
610 3828 799 3897 collectanea
823 3823 1057 3917 gynaeeologiea
1080 3846 1120 3891 ex
1136 3823 1275 3894 belmude

146 3957 350 4048 babylonico.
375 3998 419 4010 -
443 3959 483 4026 Η.
508 3961 566 4028 Th.
590 3963 636 4030 Μ.
660 3961 691 4029 1.
720 3962 771 4027 W.
795 3959 981 4026 Fuhrmaon
1003 3956 1202 4048 Meyeringh
1233 3956 1272 4025 de

144 4111 212 4160 usu
245 4099 322 4159 ecel.
354 4091 487 4182 plumbi.
510 4129 553 4142 -
575 4095 611 4161 P.
641 4094 670 4160 1.
696 4091 797 4172 Smid,
832 4091 871 4159 de
893 4087 1100 4178 meningitide
1122 4089 1206 4180 spin.
1230 4127 1275 4140 «-

142 4224 177 4292 1.
203 4221 394 4305 Einlhoven,
425 4224 464 4293 de
486 4227 647 4317 peritooit.
672 4247 784 4317 puerp.
809 4222 915 4291 -11.
942 4220 1075 4300 Ademe,
1100 4217 1139 4286 de
1162 4219 1272 4307 grevi-

142 4356 245 4426 dilate
266 4363 299 4424 et
320 4364 423 4448 partu.
438 4397 482 4410 -
506 4359 543 4426 E.
558 4359 596 4425 B.
612 4357 643 4426 S.
659 4359 887 4448 Langomeyer,
912 4354 951 4423 de
967 4353 1095 4422 eoleulis
1110 4353 1206 4420 uteri.
1225 4389 1270 4405 -

138 4495 185 4559 Δ.
210 4489 247 4556 F.
271 4488 431 4573 dandulo,
457 4490 497 4562 de
519 4499 630 4562 reseet.
656 4489 792 4560 maxillae
813 4510 918 4581 super.
942 4523 984 4538 -
1006 4487 1037 4556 J.
1063 4486 1102 4552 R.
1127 4483 1161 4552 G.
1185 4483 1270 4554 Pen-
