3052 5324
661 383 705 452 61

231 598 318 664 mine
352 594 508 664 laboriose
544 594 705 674 collectae,
742 605 803 666 eto.
839 635 884 648 -
917 597 1096 667 oneum
1118 618 1175 684 per
1197 617 1245 668 me

234 732 420 797 Rtelrordum
442 732 599 814 Pclsrcet,
631 730 731 798 1509.
779 730 813 796 4.

119 861 214 928 2450
239 862 399 927 Francisci
423 861 581 950 Philelphi
618 871 729 952 poetae
775 861 973 951 oratorisque
1009 871 1074 932 um
1113 884 1244 950 greeene

234 1005 330 1083 quam
355 992 469 1060 latinae
486 991 614 1081 liuguae
630 995 824 1084 peritissimi,
850 992 1010 1062 breviores
1025 993 1244 1082 elegantiores·

233 1148 297 1215 qne
330 1125 489 1214 epistolae.
535 1129 713 1212 lmpreesum
740 1131 937 1216 chtttnue,
970 1131 1107 1214 deputed
1135 1131 1246 1197 Altero

233 1262 386 1344 Pussrcet,
419 1259 520 1326 teto.
565 1260 599 1326 4.

115 1391 207 1459 2451
234 1390 420 1459 Itinerariue
452 1391 591 1459 Joanuis
620 1389 660 1458 dc
691 1391 775 1459 llere
804 1389 1017 1483 presbiteria
1045 1390 1243 1460 Hierusalem

231 1523 423 1602 describens,
448 1523 617 1614 disponens
641 1535 797 1592 terrarum
820 1523 998 1592 insularum
1021 1525 1178 1593 montium
1211 1537 1244 1592 et

229 1679 385 1746 aquarum
412 1680 450 1725 ac
478 1659 573 1724 etiam
599 1657 755 1747 quaedam
778 1656 936 1724 mirabilia
958 1667 990 1724 et
1018 1657 1158 1748 pericula
1186 1677 1244 1748 per

232 1787 371 1859 diversas
392 1801 495 1880 partes
510 1789 622 1858 muudi
637 1792 853 1880 contingentia
868 1789 1062 1859 lucidissime
1076 1811 1238 1870 enarrans,

229 1932 289 1990 etc.
338 1925 410 1991 Siue
430 1927 613 1990 inclinatiores.
657 1924 692 1992 4.

111 2054 364 2122 245210anuis
393 2055 520 2123 luviani
550 2055 686 2122 Pontaui
716 2053 758 2122 ud
787 2053 963 2122 llobertum
997 2054 1240 2124 Sanseveriunm

230 2189 406 2279 principem
429 2187 674 2268 salernitanum,
701 2187 776 2254 libri
799 2187 864 2255 duo
888 2187 928 2255 de
954 2187 1143 2256 obedientia.
1176 2191 1241 2257 lm·

226 2341 362 2407 prusam
374 2325 553 2388 Dnoeutrioe
563 2341 618 2406 per
628 2343 676 2388 nee
687 2325 873 2388 Richocdum
887 2325 1042 2407 Pussccct,
1068 2322 1131 2387 ldl
1141 2326 1169 2388 t.
1206 2321 1240 2388 4.

111 2452 210 2520 2435
234 2452 410 2520 llermauui
440 2454 621 2520 Torrentiui
648 2454 682 2520 in
704 2451 924 2520 Alexandrum
962 2452 1128 2520 utilissima
1157 2474 1242 2520 com·

231 2586 386 2652 moutaria
405 2584 445 2652 ad
467 2609 609 2674 unguem
632 2585 738 2655 denno
761 2587 909 2682 castigata
935 2596 1030 2676 atque
1053 2583 1241 2676 amplificata

231 2740 290 2809 per
319 2719 434 2808 ipsum.
483 2723 662 2806 Impressum
691 2723 866 2789 Deventn'nc
896 2739 953 2806 per
986 2739 1034 2788 ou
1059 2721 1242 2787 Riclturdum

232 2853 518 2937 Pnslroct,1510.
567 2853 601 2921 4.

109 2983 210 3052 2454
232 2981 407 3050 Alexandri
441 2985 535 3072 liegii
558 2983 713 3070 Magistri,
743 2979 1009 3074 Gymnasiarchae
1027 2981 1094 3070 jam
1117 2979 1239 3071 pridem

123 3198 134 3207 μ
229 3115 476 3193 Daveutricusis,
515 3113 667 3183 carmina
690 3125 721 3181 et
759 3115 867 3202 gravia
903 3123 934 3180 ct
969 3111 1137 3200 elegantia,
1176 3122 1237 3180 ete.

229 3249 407 3332 impressum
455 3251 631 3317 momulus
671 3268 725 3334 per
766 3268 814 3314 nte
857 3249 1041 3315 Riclcrdum
1081 3248 1236 3332 Possroet,

232 3380 333 3446 1505.
380 3381 415 3449 4.

109 3515 210 3584 2455
234 3512 432 3604 Opusculum
454 3511 586 3578 loannis
606 3509 779 3578 Murmellii
803 3507 843 3576 de
862 3507 1090 3600 discipulorum
1111 3509 1236 3577 officiis:

233 3647 319 3738 qnod
354 3644 552 3714 enchiridion
588 3643 849 3712 scholasticorum
887 3641 1080 3709 inscribitur.
1113 3680 1159 3692 —
1192 3641 1238 3708 Do

147 3847 150 3852 .
230 3780 418 3848 clericorum
442 3780 562 3848 ciliciis.
590 3817 634 3828 —
657 3778 833 3844 Hermauni
851 3775 978 3842 Buschii
993 3795 1119 3842 carmen
1136 3772 1239 3863 saphi·

233 3935 306 3980 enm
329 3913 363 3979 iu
385 3912 497 3979 urbem
517 3909 823 3977 Ruremuudeusem.
847 3946 892 3958 -
907 3906 1039 3973 loannis
1063 3904 1237 3971 Murmellii

230 4044 290 4112 ode
321 4044 446 4134 saphica
477 4044 517 4112 de
547 4042 666 4135 duplici
698 4041 867 4132 voluptate.
913 4041 1090 4123 impressum
1120 4039 1238 4107 Swollt's

227 4197 284 4263 per
305 4198 352 4244 nnc
374 4181 498 4244 Petrum
523 4179 563 4244 Os
584 4181 620 4244 dc
646 4178 755 4243 Brcdc.
802 4175 875 4242 Sine
895 4192 988 4239 cono.
1032 4171 1065 4235 4.

107 4309 208 4377 2456
233 4309 364 4375 Antonii
393 4308 576 4375 Mancinelli
599 4308 661 4376 viri
683 4305 855 4373 doctissimi
878 4300 1107 4371 Vocabularins
1130 4301 1236 4368 utilis·

230 4439 329 4508 dmm
354 4438 394 4508 de
417 4439 549 4508 floribus
571 4439 751 4517 nominum,
776 4435 838 4505 hoe
860 4445 907 4503 est
930 4432 1089 4505 vocubulis
1116 4431 1234 4512 electis.
